<?xml version="1.0" encoding="UTF-8"?>
<!DOCTYPE html PUBLIC "-//W3C//DTD XHTML 1.0 Transitional//EN"
    "http://www.w3.org/TR/xhtml1/DTD/xhtml1-transitional.dtd">
<html xmlns="http://www.w3.org/1999/xhtml" xml:lang="en" lang="en">
 <head>
  <title>
</title>
<meta http-equiv="Content-Type" content="text/html;charset=utf-8" />
  <meta name='ocr-system' content='tesseract 3.04.00' />
  <meta name='ocr-capabilities' content='ocr_page ocr_carea ocr_par ocr_line ocrx_word'/>
</head>
<body>
  <div class='ocr_page' id='page_1' title='image "./librorumimpress06bookgoog_0479.png"; bbox 0 0 2610 4860; ppageno 0'>
   <div class='ocr_carea' id='block_1_1' title="bbox 108 273 1276 4447">
    <p class='ocr_par' dir='ltr' id='par_1_1' title="bbox 108 273 1276 4447">
     <span class='ocr_line' id='line_1_1' title="bbox 568 273 724 351; baseline -0.006 -1"><span class='ocrx_word' id='word_1_1' title='bbox 568 273 600 351; x_wconf 89' lang='lat' dir='ltr'>C</span> <span class='ocrx_word' id='word_1_2' title='bbox 629 274 724 350; x_wconf 85' lang='lat' dir='ltr'>RE</span> 
     </span>
     <span class='ocr_line' id='line_1_2' title="bbox 108 422 823 499; baseline 0.004 -18"><span class='ocrx_word' id='word_1_3' title='bbox 108 422 407 484; x_wconf 78' lang='lat' dir='ltr'>CREMONENSIS</span> <span class='ocrx_word' id='word_1_4' title='bbox 423 427 605 499; x_wconf 77' lang='lat' dir='ltr'>(onnsnuus)</span> <span class='ocrx_word' id='word_1_5' title='bbox 620 447 646 484; x_wconf 84' lang='lat' dir='ltr'>o.</span> <span class='ocrx_word' id='word_1_6' title='bbox 663 447 823 486; x_wconf 74' lang='lat' dir='ltr'>Avrcuuus.</span> 
     </span>
     <span class='ocr_line' id='line_1_3' title="bbox 139 505 1061 584; baseline 0.004 -24"><span class='ocrx_word' id='word_1_7' title='bbox 139 509 141 513; x_wconf 85' lang='lat'>&#39;</span> <span class='ocrx_word' id='word_1_8' title='bbox 290 505 466 562; x_wconf 83' lang='lat' dir='ltr'>Geomancie</span> <span class='ocrx_word' id='word_1_9' title='bbox 478 505 713 584; x_wconf 85' lang='lat' dir='ltr'>Astronorniqve.</span> <span class='ocrx_word' id='word_1_10' title='bbox 734 509 766 564; x_wconf 89' lang='lat'>8⁰</span> <span class='ocrx_word' id='word_1_11' title='bbox 785 509 854 564; x_wconf 86' lang='lat' dir='ltr'>Por.</span> <span class='ocrx_word' id='word_1_12' title='bbox 871 507 957 566; x_wconf 90' lang='grc'><strong>1669.</strong></span> <span class='ocrx_word' id='word_1_13' title='bbox 1059 519 1061 523; x_wconf 67' lang='grc'><strong>”</strong></span> 
     </span>
     <span class='ocr_line' id='line_1_4' title="bbox 117 581 1171 660; baseline 0.009 -22"><span class='ocrx_word' id='word_1_14' title='bbox 117 581 391 641; x_wconf 87' lang='lat' dir='ltr'>CREMONINUS</span> <span class='ocrx_word' id='word_1_15' title='bbox 407 583 528 659; x_wconf 64' lang='lat' dir='ltr'>(cirson)</span> <span class='ocrx_word' id='word_1_16' title='bbox 544 584 716 660; x_wconf 81' lang='lat' dir='ltr'>Explanatio</span> <span class='ocrx_word' id='word_1_17' title='bbox 731 587 867 644; x_wconf 89' lang='lat' dir='ltr'>Prooemii</span> <span class='ocrx_word' id='word_1_18' title='bbox 893 587 1043 655; x_wconf 75' lang='lat' dir='ltr'>Librorrnn</span> <span class='ocrx_word' id='word_1_19' title='bbox 1061 588 1171 647; x_wconf 87' lang='lat' dir='ltr'>Aristo-</span> 
     </span>
     <span class='ocr_line' id='line_1_5' title="bbox 157 659 1178 738; baseline 0.005 -22"><span class='ocrx_word' id='word_1_20' title='bbox 157 660 218 718; x_wconf 90' lang='lat' dir='ltr'>telis</span> <span class='ocrx_word' id='word_1_21' title='bbox 231 659 268 718; x_wconf 93' lang='lat' dir='ltr'>de</span> <span class='ocrx_word' id='word_1_22' title='bbox 283 660 406 738; x_wconf 79' lang='lat' dir='ltr'>Pl&#39;rysico</span> <span class='ocrx_word' id='word_1_23' title='bbox 419 660 536 729; x_wconf 89' lang='lat' dir='ltr'>Avditv,</span> <span class='ocrx_word' id='word_1_24' title='bbox 550 666 621 721; x_wconf 85' lang='lat' dir='ltr'>etin</span> <span class='ocrx_word' id='word_1_25' title='bbox 635 665 750 723; x_wconf 88' lang='lat' dir='ltr'>eosdem</span> <span class='ocrx_word' id='word_1_26' title='bbox 768 664 915 735; x_wconf 65' lang='lat' dir='ltr'>Praefatio,</span> <span class='ocrx_word' id='word_1_27' title='bbox 930 680 987 723; x_wconf 83' lang='lat' dir='ltr'>uua</span> <span class='ocrx_word' id='word_1_28' title='bbox 1002 686 1070 725; x_wconf 92' lang='lat' dir='ltr'>cum</span> <span class='ocrx_word' id='word_1_29' title='bbox 1083 667 1178 726; x_wconf 73' lang='lat' dir='ltr'>Troo.</span> 
     </span>
     <span class='ocr_line' id='line_1_6' title="bbox 157 740 1173 822; baseline 0.008 -26"><span class='ocrx_word' id='word_1_30' title='bbox 157 749 218 796; x_wconf 89' lang='lat' dir='ltr'>tatu</span> <span class='ocrx_word' id='word_1_31' title='bbox 232 740 269 798; x_wconf 90' lang='lat' dir='ltr'>de</span> <span class='ocrx_word' id='word_1_32' title='bbox 284 740 391 806; x_wconf 83' lang='lat' dir='ltr'>Paedia,</span> <span class='ocrx_word' id='word_1_33' title='bbox 412 761 470 810; x_wconf 86' lang='lat' dir='ltr'>seu,</span> <span class='ocrx_word' id='word_1_34' title='bbox 492 741 711 802; x_wconf 88' lang='lat' dir='ltr'>Introductione</span> <span class='ocrx_word' id='word_1_35' title='bbox 725 742 760 800; x_wconf 83' lang='lat' dir='ltr'>ad</span> <span class='ocrx_word' id='word_1_36' title='bbox 776 742 989 822; x_wconf 83' lang='lat' dir='ltr'>Philosophiam</span> <span class='ocrx_word' id='word_1_37' title='bbox 1001 746 1173 804; x_wconf 83' lang='lat' dir='ltr'>Naturalem</span> 
     </span>
     <span class='ocr_line' id='line_1_7' title="bbox 158 818 1084 891; baseline 0.012 -17"><span class='ocrx_word' id='word_1_38' title='bbox 158 818 331 876; x_wconf 89' lang='lat' dir='ltr'>Aristotelis.</span> <span class='ocrx_word' id='word_1_39' title='bbox 351 818 397 877; x_wconf 85' lang='lat' dir='ltr'>fol.</span> <span class='ocrx_word' id='word_1_40' title='bbox 420 821 520 878; x_wconf 83' lang='lat' dir='ltr'>Putuv.</span> <span class='ocrx_word' id='word_1_41' title='bbox 535 821 620 880; x_wconf 88' lang='grc'><strong>1596.</strong></span> <span class='ocrx_word' id='word_1_42' title='bbox 1081 886 1084 891; x_wconf 75' lang='grc'><em>,</em></span> 
     </span>
     <span class='ocr_line' id='line_1_8' title="bbox 290 899 1175 981; baseline 0.007 -25"><span class='ocrx_word' id='word_1_43' title='bbox 290 899 336 956; x_wconf 83' lang='lat' dir='ltr'>De</span> <span class='ocrx_word' id='word_1_44' title='bbox 346 899 460 957; x_wconf 87' lang='lat' dir='ltr'>Formis</span> <span class='ocrx_word' id='word_1_45' title='bbox 469 912 586 976; x_wconf 85' lang='lat' dir='ltr'>qvatvor</span> <span class='ocrx_word' id='word_1_46' title='bbox 598 901 761 978; x_wconf 90' lang='lat' dir='ltr'>Corporum</span> <span class='ocrx_word' id='word_1_47' title='bbox 772 901 948 979; x_wconf 87' lang='lat' dir='ltr'>simplicium</span> <span class='ocrx_word' id='word_1_48' title='bbox 960 923 1027 981; x_wconf 90' lang='lat' dir='ltr'>quae</span> <span class='ocrx_word' id='word_1_49' title='bbox 1038 912 1175 971; x_wconf 84' lang='lat' dir='ltr'>vocantur</span> 
     </span>
     <span class='ocr_line' id='line_1_9' title="bbox 160 973 751 1055; baseline 0.012 -24"><span class='ocrx_word' id='word_1_50' title='bbox 160 973 319 1044; x_wconf 83' lang='lat' dir='ltr'>Elementa,</span> <span class='ocrx_word' id='word_1_51' title='bbox 339 977 510 1055; x_wconf 76' lang='lat' dir='ltr'>Disputatio.</span> <span class='ocrx_word' id='word_1_52' title='bbox 532 981 563 1035; x_wconf 90' lang='lat'>4⁰</span> <span class='ocrx_word' id='word_1_53' title='bbox 587 980 649 1037; x_wconf 80' lang='lat' dir='ltr'>Vm.</span> <span class='ocrx_word' id='word_1_54' title='bbox 665 980 751 1038; x_wconf 84' lang='grc'><strong>1605.</strong></span> 
     </span>
     <span class='ocr_line' id='line_1_10' title="bbox 118 1056 1173 1137; baseline 0.007 -24"><span class='ocrx_word' id='word_1_55' title='bbox 118 1085 277 1102; x_wconf 89' lang='lat'><em>---·-</em></span> <span class='ocrx_word' id='word_1_56' title='bbox 291 1057 452 1132; x_wconf 82' lang='lat' dir='ltr'>Disputatio</span> <span class='ocrx_word' id='word_1_57' title='bbox 465 1056 501 1115; x_wconf 86' lang='lat' dir='ltr'>de</span> <span class='ocrx_word' id='word_1_58' title='bbox 515 1057 604 1116; x_wconf 85' lang='lat' dir='ltr'>Coelo.</span> <span class='ocrx_word' id='word_1_59' title='bbox 646 1059 772 1130; x_wconf 81' lang='lat' dir='ltr'>Adjecta</span> <span class='ocrx_word' id='word_1_60' title='bbox 791 1067 842 1126; x_wconf 88' lang='lat' dir='ltr'>est,</span> <span class='ocrx_word' id='word_1_61' title='bbox 862 1059 1006 1137; x_wconf 74' lang='lat' dir='ltr'><strong>Apologia</strong></span> <span class='ocrx_word' id='word_1_62' title='bbox 1020 1059 1173 1120; x_wconf 85' lang='lat' dir='ltr'>Dictorum</span> 
     </span>
     <span class='ocr_line' id='line_1_11' title="bbox 159 1134 1176 1270; baseline 0.008 -80"><span class='ocrx_word' id='word_1_63' title='bbox 159 1134 332 1270; x_wconf 55' lang='lat' dir='ltr'>fflpstotelis,</span> <span class='ocrx_word' id='word_1_64' title='bbox 350 1135 386 1194; x_wconf 89' lang='lat' dir='ltr'>de</span> <span class='ocrx_word' id='word_1_65' title='bbox 401 1135 458 1194; x_wconf 83' lang='lat' dir='ltr'>Via</span> <span class='ocrx_word' id='word_1_66' title='bbox 472 1137 586 1207; x_wconf 72' lang='lat' dir='ltr'>Lamse,</span> <span class='ocrx_word' id='word_1_67' title='bbox 605 1138 683 1195; x_wconf 84' lang='lat' dir='ltr'>etde</span> <span class='ocrx_word' id='word_1_68' title='bbox 698 1139 786 1195; x_wconf 82' lang='lat' dir='ltr'><strong>Facie</strong></span> <span class='ocrx_word' id='word_1_69' title='bbox 798 1139 826 1196; x_wconf 91' lang='lat' dir='ltr'>in</span> <span class='ocrx_word' id='word_1_70' title='bbox 842 1136 922 1196; x_wconf 84' lang='lat' dir='ltr'>Orbe</span> <span class='ocrx_word' id='word_1_71' title='bbox 937 1140 1038 1197; x_wconf 84' lang='lat' dir='ltr'>Lunae.</span> <span class='ocrx_word' id='word_1_72' title='bbox 1059 1141 1091 1196; x_wconf 88' lang='lat'>4⁰</span> <span class='ocrx_word' id='word_1_73' title='bbox 1115 1140 1176 1198; x_wconf 79' lang='lat' dir='ltr'>Vm.</span> 
     </span>
     <span class='ocr_line' id='line_1_12' title="bbox 120 1292 1179 1374; baseline 0.006 -24"><span class='ocrx_word' id='word_1_74' title='bbox 120 1324 278 1340; x_wconf 82' lang='lat'><em>--—--</em></span> <span class='ocrx_word' id='word_1_75' title='bbox 294 1293 435 1374; x_wconf 83' lang='lat' dir='ltr'>Apologia</span> <span class='ocrx_word' id='word_1_76' title='bbox 456 1295 611 1354; x_wconf 81' lang='lat' dir='ltr'>Dictorum</span> <span class='ocrx_word' id='word_1_77' title='bbox 632 1294 811 1362; x_wconf 65' lang='lat' dir='ltr'>Aristotelis,⁴</span> <span class='ocrx_word' id='word_1_78' title='bbox 825 1292 861 1352; x_wconf 89' lang='lat' dir='ltr'>de</span> <span class='ocrx_word' id='word_1_79' title='bbox 886 1296 992 1356; x_wconf 68' lang='lat' dir='ltr'>brinta</span> <span class='ocrx_word' id='word_1_80' title='bbox 1014 1295 1179 1356; x_wconf 77' lang='lat' dir='ltr'>Coeli‘svh-</span> 
     </span>
     <span class='ocr_line' id='line_1_13' title="bbox 119 1373 512 1433; baseline 0.008 -5"><span class='ocrx_word' id='word_1_81' title='bbox 119 1376 122 1380; x_wconf 85' lang='grc'><strong>’</strong></span> <span class='ocrx_word' id='word_1_82' title='bbox 158 1373 276 1429; x_wconf 79' lang='lat' dir='ltr'>stantia.</span> <span class='ocrx_word' id='word_1_83' title='bbox 291 1375 323 1429; x_wconf 83' lang='grc'>40</span> <span class='ocrx_word' id='word_1_84' title='bbox 346 1373 410 1432; x_wconf 78' lang='lat' dir='ltr'>Vm.</span> <span class='ocrx_word' id='word_1_85' title='bbox 426 1373 512 1433; x_wconf 88' lang='grc'><strong>1616.</strong></span> 
     </span>
     <span class='ocr_line' id='line_1_14' title="bbox 121 1451 1178 1532; baseline 0.006 -24"><span class='ocrx_word' id='word_1_86' title='bbox 121 1481 279 1497; x_wconf 86' lang='lat'><em>--——-</em></span> <span class='ocrx_word' id='word_1_87' title='bbox 292 1451 439 1532; x_wconf 83' lang='lat' dir='ltr'>Apologia</span> <span class='ocrx_word' id='word_1_88' title='bbox 459 1453 611 1512; x_wconf 79' lang='lat' dir='ltr'>Dictorum</span> <span class='ocrx_word' id='word_1_89' title='bbox 632 1453 793 1512; x_wconf 85' lang='lat' dir='ltr'>Aristotelis</span> <span class='ocrx_word' id='word_1_90' title='bbox 816 1451 863 1513; x_wconf 88' lang='lat' dir='ltr'>De</span> <span class='ocrx_word' id='word_1_91' title='bbox 884 1452 987 1512; x_wconf 84' lang='lat' dir='ltr'>Calido</span> <span class='ocrx_word' id='word_1_92' title='bbox 1007 1456 1103 1513; x_wconf 85' lang='lat' dir='ltr'>innato</span> <span class='ocrx_word' id='word_1_93' title='bbox 1127 1454 1178 1521; x_wconf 81' lang='lat' dir='ltr'>ad·</span> 
     </span>
     <span class='ocr_line' id='line_1_15' title="bbox 160 1527 672 1601; baseline 0.014 -14"><span class='ocrx_word' id='word_1_94' title='bbox 160 1548 256 1588; x_wconf 82' lang='lat' dir='ltr'>versus</span> <span class='ocrx_word' id='word_1_95' title='bbox 269 1531 423 1600; x_wconf 78' lang='lat' dir='ltr'>Galerium.</span> <span class='ocrx_word' id='word_1_96' title='bbox 445 1534 477 1591; x_wconf 89' lang='lat'>8⁰</span> <span class='ocrx_word' id='word_1_97' title='bbox 501 1534 563 1591; x_wconf 76' lang='lat' dir='ltr'>Vero.</span> <span class='ocrx_word' id='word_1_98' title='bbox 579 1527 672 1601; x_wconf 70' lang='lat'>1626.</span> 
     </span>
     <span class='ocr_line' id='line_1_16' title="bbox 121 1610 1180 1690; baseline 0.002 -22"><span class='ocrx_word' id='word_1_99' title='bbox 121 1642 280 1656; x_wconf 87' lang='lat'>--</span> <span class='ocrx_word' id='word_1_100' title='bbox 295 1611 340 1668; x_wconf 91' lang='lat' dir='ltr'>De</span> <span class='ocrx_word' id='word_1_101' title='bbox 358 1610 458 1670; x_wconf 86' lang='lat' dir='ltr'>Calido</span> <span class='ocrx_word' id='word_1_102' title='bbox 479 1613 578 1672; x_wconf 86' lang='lat' dir='ltr'>innato</span> <span class='ocrx_word' id='word_1_103' title='bbox 598 1623 628 1670; x_wconf 88' lang='lat' dir='ltr'>et</span> <span class='ocrx_word' id='word_1_104' title='bbox 651 1613 767 1671; x_wconf 87' lang='lat' dir='ltr'>Semiue</span> <span class='ocrx_word' id='word_1_105' title='bbox 791 1629 847 1690; x_wconf 90' lang='lat' dir='ltr'>pro</span> <span class='ocrx_word' id='word_1_106' title='bbox 868 1611 1023 1671; x_wconf 84' lang='lat' dir='ltr'>Aristotele</span> <span class='ocrx_word' id='word_1_107' title='bbox 1045 1610 1180 1679; x_wconf 82' lang='lat' dir='ltr'>adversus</span> 
     </span>
     <span class='ocr_line' id='line_1_17' title="bbox 163 1689 682 1767; baseline 0.008 -22"><span class='ocrx_word' id='word_1_108' title='bbox 163 1689 316 1750; x_wconf 77' lang='lat' dir='ltr'>Galerium.</span> <span class='ocrx_word' id='word_1_109' title='bbox 339 1690 388 1748; x_wconf 75' lang='grc'>190</span> <span class='ocrx_word' id='word_1_110' title='bbox 407 1690 499 1767; x_wconf 83' lang='lat' dir='ltr'>Lugd.</span> <span class='ocrx_word' id='word_1_111' title='bbox 513 1691 579 1750; x_wconf 82' lang='lat' dir='ltr'>But.</span> <span class='ocrx_word' id='word_1_112' title='bbox 596 1691 682 1749; x_wconf 87' lang='grc'><strong>1634.</strong></span> 
     </span>
     <span class='ocr_line' id='line_1_18' title="bbox 123 1766 1182 1849; baseline 0.001 -22"><span class='ocrx_word' id='word_1_113' title='bbox 123 1799 280 1815; x_wconf 87' lang='lat'>-——-</span> <span class='ocrx_word' id='word_1_114' title='bbox 294 1769 439 1849; x_wconf 84' lang='lat' dir='ltr'>Apologia</span> <span class='ocrx_word' id='word_1_115' title='bbox 446 1770 603 1829; x_wconf 88' lang='lat' dir='ltr'>Dictorum</span> <span class='ocrx_word' id='word_1_116' title='bbox 614 1769 774 1828; x_wconf 85' lang='lat' dir='ltr'>Aristotelis</span> <span class='ocrx_word' id='word_1_117' title='bbox 784 1769 829 1827; x_wconf 90' lang='lat' dir='ltr'>De</span> <span class='ocrx_word' id='word_1_118' title='bbox 840 1769 963 1847; x_wconf 79' lang='lat' dir='ltr'>Origine</span> <span class='ocrx_word' id='word_1_119' title='bbox 974 1778 1003 1828; x_wconf 90' lang='lat' dir='ltr'>et</span> <span class='ocrx_word' id='word_1_120' title='bbox 1014 1766 1182 1848; x_wconf 85' lang='lat' dir='ltr'>Principatr</span> 
     </span>
     <span class='ocr_line' id='line_1_19' title="bbox 162 1846 923 1909; baseline 0.003 -4"><span class='ocrx_word' id='word_1_121' title='bbox 162 1846 365 1906; x_wconf 82' lang='lat' dir='ltr'>Membrorum</span> <span class='ocrx_word' id='word_1_122' title='bbox 380 1849 513 1909; x_wconf 77' lang='lat' dir='ltr'>adversus</span> <span class='ocrx_word' id='word_1_123' title='bbox 526 1851 679 1908; x_wconf 78' lang='lat' dir='ltr'>Galerium.</span> <span class='ocrx_word' id='word_1_124' title='bbox 700 1850 732 1906; x_wconf 86' lang='lat'>4⁰</span> <span class='ocrx_word' id='word_1_125' title='bbox 758 1849 819 1907; x_wconf 84' lang='lat' dir='ltr'>Ven.</span> <span class='ocrx_word' id='word_1_126' title='bbox 835 1849 923 1907; x_wconf 70' lang='lat'>1627.</span> 
     </span>
     <span class='ocr_line' id='line_1_20' title="bbox 297 1927 1181 1996; baseline 0.001 -11"><span class='ocrx_word' id='word_1_127' title='bbox 297 1927 448 1986; x_wconf 76' lang='lat' dir='ltr'>Tractntus</span> <span class='ocrx_word' id='word_1_128' title='bbox 462 1939 527 1988; x_wconf 88' lang='lat' dir='ltr'>tres.</span> <span class='ocrx_word' id='word_1_129' title='bbox 549 1930 662 1988; x_wconf 82' lang='lat' dir='ltr'>Primus</span> <span class='ocrx_word' id='word_1_130' title='bbox 675 1928 713 1988; x_wconf 90' lang='lat' dir='ltr'>de</span> <span class='ocrx_word' id='word_1_131' title='bbox 728 1929 862 1986; x_wconf 84' lang='lat' dir='ltr'>Sensibus</span> <span class='ocrx_word' id='word_1_132' title='bbox 877 1929 1011 1996; x_wconf 84' lang='lat' dir='ltr'>externis,</span> <span class='ocrx_word' id='word_1_133' title='bbox 1032 1927 1181 1986; x_wconf 84' lang='lat' dir='ltr'>Secundus</span> 
     </span>
     <span class='ocr_line' id='line_1_21' title="bbox 162 1999 1182 2142; baseline 0.001 -78"><span class='ocrx_word' id='word_1_134' title='bbox 162 2006 199 2142; x_wconf 60' lang='lat' dir='ltr'>de</span> <span class='ocrx_word' id='word_1_135' title='bbox 212 2006 346 2066; x_wconf 88' lang='lat' dir='ltr'>Sensibus</span> <span class='ocrx_word' id='word_1_136' title='bbox 361 2009 488 2077; x_wconf 90' lang='lat' dir='ltr'>internis,</span> <span class='ocrx_word' id='word_1_137' title='bbox 502 2008 615 2068; x_wconf 86' lang='lat' dir='ltr'>Tertius</span> <span class='ocrx_word' id='word_1_138' title='bbox 628 2007 665 2066; x_wconf 91' lang='lat' dir='ltr'>de</span> <span class='ocrx_word' id='word_1_139' title='bbox 679 2009 826 2066; x_wconf 84' lang='lat' dir='ltr'>Facultate</span> <span class='ocrx_word' id='word_1_140' title='bbox 840 1999 1001 2084; x_wconf 79' lang='lat' dir='ltr'>appetitiva.</span> <span class='ocrx_word' id='word_1_141' title='bbox 1042 2007 1075 2063; x_wconf 86' lang='lat'>4⁰</span> <span class='ocrx_word' id='word_1_142' title='bbox 1119 2007 1182 2065; x_wconf 70' lang='lat' dir='ltr'>Vero.</span> 
     </span>
     <span class='ocr_line' id='line_1_22' title="bbox 125 2163 1185 2244; baseline -0.002 -20"><span class='ocrx_word' id='word_1_143' title='bbox 125 2163 332 2224; x_wconf 85' lang='lat' dir='ltr'><strong>CRENIERE</strong></span> <span class='ocrx_word' id='word_1_144' title='bbox 348 2166 423 2243; x_wconf 81' lang='lat' dir='ltr'>(M.)</span> <span class='ocrx_word' id='word_1_145' title='bbox 438 2165 551 2224; x_wconf 79' lang='lat' dir='ltr'>Extrnit</span> <span class='ocrx_word' id='word_1_146' title='bbox 572 2166 610 2226; x_wconf 88' lang='lat' dir='ltr'>de</span> <span class='ocrx_word' id='word_1_147' title='bbox 630 2167 772 2244; x_wconf 83' lang='lat' dir='ltr'>quelques</span> <span class='ocrx_word' id='word_1_148' title='bbox 786 2166 990 2224; x_wconf 77' lang='lat' dir='ltr'>Observations</span> <span class='ocrx_word' id='word_1_149' title='bbox 1004 2184 1052 2223; x_wconf 89' lang='lat' dir='ltr'>sur</span> <span class='ocrx_word' id='word_1_150' title='bbox 1065 2164 1094 2222; x_wconf 89' lang='lat' dir='ltr'>la</span> <span class='ocrx_word' id='word_1_151' title='bbox 1107 2165 1185 2224; x_wconf 84' lang='lat' dir='ltr'>Con·</span> 
     </span>
     <span class='ocr_line' id='line_1_23' title="bbox 164 2243 1026 2322; baseline 0.001 -19"><span class='ocrx_word' id='word_1_152' title='bbox 164 2245 295 2303; x_wconf 89' lang='lat' dir='ltr'>stitutiou</span> <span class='ocrx_word' id='word_1_153' title='bbox 310 2243 380 2303; x_wconf 87' lang='lat' dir='ltr'>d’un</span> <span class='ocrx_word' id='word_1_154' title='bbox 397 2247 515 2322; x_wconf 85' lang='lat' dir='ltr'>Peuple.</span> <span class='ocrx_word' id='word_1_155' title='bbox 536 2249 567 2304; x_wconf 88' lang='lat'>8⁰</span> <span class='ocrx_word' id='word_1_156' title='bbox 723 2309 729 2319; x_wconf 63' lang='grc'><em>,</em></span> <span class='ocrx_word' id='word_1_157' title='bbox 1025 2259 1026 2263; x_wconf 76' lang='grc'>’</span> 
     </span>
     <span class='ocr_line' id='line_1_24' title="bbox 126 2323 911 2399; baseline 0 -18"><span class='ocrx_word' id='word_1_158' title='bbox 126 2323 303 2383; x_wconf 85' lang='lat' dir='ltr'>CRENIUS</span> <span class='ocrx_word' id='word_1_159' title='bbox 318 2326 417 2399; x_wconf 63' lang='grc' dir='ltr'><strong>(τεο.)</strong></span> <span class='ocrx_word' id='word_1_160' title='bbox 432 2344 459 2383; x_wconf 84' lang='lat' dir='ltr'>o.</span> <span class='ocrx_word' id='word_1_161' title='bbox 476 2345 589 2384; x_wconf 76' lang='lat' dir='ltr'>costus.</span> <span class='ocrx_word' id='word_1_162' title='bbox 609 2341 616 2349; x_wconf 60' lang='lat'><strong><em>¹</em></strong></span> <span class='ocrx_word' id='word_1_163' title='bbox 909 2388 911 2393; x_wconf 15' lang='lat' dir='ltr'>y</span> 
     </span>
     <span class='ocr_line' id='line_1_25' title="bbox 124 2401 1186 2482; baseline 0 -22"><span class='ocrx_word' id='word_1_164' title='bbox 124 2435 283 2452; x_wconf 74' lang='lat'>——-=-</span> <span class='ocrx_word' id='word_1_165' title='bbox 297 2404 463 2461; x_wconf 79' lang='lat' dir='ltr'>Fasciculus</span> <span class='ocrx_word' id='word_1_166' title='bbox 488 2405 730 2462; x_wconf 82' lang='lat' dir='ltr'>Dissertationum</span> <span class='ocrx_word' id='word_1_167' title='bbox 755 2401 1186 2482; x_wconf 66' lang='lat' dir='ltr'>Hluorico-criticophilologi-</span> 
     </span>
     <span class='ocr_line' id='line_1_26' title="bbox 167 2483 519 2544; baseline 0.003 -5"><span class='ocrx_word' id='word_1_168' title='bbox 167 2501 277 2544; x_wconf 76' lang='lat' dir='ltr'>carum.</span> <span class='ocrx_word' id='word_1_169' title='bbox 299 2485 330 2540; x_wconf 86' lang='lat'>8⁰</span> <span class='ocrx_word' id='word_1_170' title='bbox 350 2484 415 2541; x_wconf 83' lang='lat' dir='ltr'>Rot.</span> <span class='ocrx_word' id='word_1_171' title='bbox 433 2483 519 2540; x_wconf 88' lang='grc'><strong>1691.</strong></span> 
     </span>
     <span class='ocr_line' id='line_1_27' title="bbox 125 2561 1188 2698; baseline 0 -78"><span class='ocrx_word' id='word_1_172' title='bbox 125 2562 342 2698; x_wconf 58' lang='grc' dir='ltr'>ἿΒΒε</span> <span class='ocrx_word' id='word_1_173' title='bbox 357 2563 554 2638; x_wconf 78' lang='lat' dir='ltr'>singularibus</span> <span class='ocrx_word' id='word_1_174' title='bbox 567 2563 761 2640; x_wconf 85' lang='lat' dir='ltr'>Scriptorum,</span> <span class='ocrx_word' id='word_1_175' title='bbox 781 2562 950 2621; x_wconf 84' lang='lat' dir='ltr'>Dissertatio</span> <span class='ocrx_word' id='word_1_176' title='bbox 958 2561 1126 2640; x_wconf 65' lang='lat' dir='ltr'>‘Epistolicu</span> <span class='ocrx_word' id='word_1_177' title='bbox 1157 2561 1188 2631; x_wconf 81' lang='lat'>8⁰</span> 
     </span>
     <span class='ocr_line' id='line_1_28' title="bbox 167 2642 443 2701; baseline 0.004 -3"><span class='ocrx_word' id='word_1_178' title='bbox 167 2643 230 2698; x_wconf 66' lang='lat' dir='ltr'>Lusr</span> <span class='ocrx_word' id='word_1_179' title='bbox 252 2685 258 2698; x_wconf 95' lang='lat'>.</span> <span class='ocrx_word' id='word_1_180' title='bbox 303 2655 340 2698; x_wconf 81' lang='lat' dir='ltr'>ct.</span> <span class='ocrx_word' id='word_1_181' title='bbox 356 2642 443 2701; x_wconf 83' lang='lat'>1705.</span> 
     </span>
     <span class='ocr_line' id='line_1_29' title="bbox 127 2688 1188 2795; baseline -0.001 -17"><span class='ocrx_word' id='word_1_182' title='bbox 127 2688 379 2779; x_wconf 69' lang='lat' dir='ltr'>cuudcuumo</span> <span class='ocrx_word' id='word_1_183' title='bbox 395 2724 548 2795; x_wconf 59' lang='lat' dir='ltr'>(Brutos.)</span> <span class='ocrx_word' id='word_1_184' title='bbox 564 2722 688 2779; x_wconf 70' lang='lat' dir='ltr'>nautea</span> <span class='ocrx_word' id='word_1_185' title='bbox 702 2721 924 2778; x_wconf 67' lang='lat' dir='ltr'>mediterranea.</span> <span class='ocrx_word' id='word_1_186' title='bbox 954 2719 986 2776; x_wconf 81' lang='lat'>4⁰</span> <span class='ocrx_word' id='word_1_187' title='bbox 1006 2721 1085 2778; x_wconf 78' lang='lat' dir='ltr'>som.</span> <span class='ocrx_word' id='word_1_188' title='bbox 1101 2718 1188 2780; x_wconf 85' lang='lat' dir='ltr'>rom.</span> 
     </span>
     <span class='ocr_line' id='line_1_30' title="bbox 128 2797 1189 2877; baseline -0.002 -19"><span class='ocrx_word' id='word_1_189' title='bbox 128 2799 391 2858; x_wconf 83' lang='lat' dir='ltr'><strong>CRESCENTIIS</strong></span> <span class='ocrx_word' id='word_1_190' title='bbox 407 2804 486 2875; x_wconf 77' lang='lat' dir='ltr'>(rur.</span> <span class='ocrx_word' id='word_1_191' title='bbox 503 2801 555 2872; x_wconf 80' lang='lat' dir='ltr'>nn)</span> <span class='ocrx_word' id='word_1_192' title='bbox 571 2801 616 2857; x_wconf 91' lang='lat' dir='ltr'>De</span> <span class='ocrx_word' id='word_1_193' title='bbox 639 2800 772 2856; x_wconf 88' lang='lat' dir='ltr'>omnibus</span> <span class='ocrx_word' id='word_1_194' title='bbox 790 2798 988 2877; x_wconf 81' lang='lat' dir='ltr'>Agriculturae</span> <span class='ocrx_word' id='word_1_195' title='bbox 1006 2797 1189 2865; x_wconf 61' lang='lat' dir='ltr'>Partibus&amp;</span> 
     </span>
     <span class='ocr_line' id='line_1_31' title="bbox 168 2875 1188 2955; baseline -0.002 -19"><span class='ocrx_word' id='word_1_196' title='bbox 168 2879 207 2936; x_wconf 58' lang='lat' dir='ltr'>dc⁴</span> <span class='ocrx_word' id='word_1_197' title='bbox 216 2878 382 2937; x_wconf 84' lang='lat' dir='ltr'>Plantarum</span> <span class='ocrx_word' id='word_1_198' title='bbox 392 2879 605 2955; x_wconf 84' lang='lat' dir='ltr'>Animallumq3</span> <span class='ocrx_word' id='word_1_199' title='bbox 618 2881 756 2935; x_wconf 86' lang='lat' dir='ltr'>natura&amp;</span> <span class='ocrx_word' id='word_1_200' title='bbox 765 2877 896 2946; x_wconf 86' lang='lat' dir='ltr'>utilitate,</span> <span class='ocrx_word' id='word_1_201' title='bbox 912 2877 974 2935; x_wconf 91' lang='lat' dir='ltr'>Lib.</span> <span class='ocrx_word' id='word_1_202' title='bbox 983 2895 1038 2933; x_wconf 85' lang='lat' dir='ltr'>xrr.</span> <span class='ocrx_word' id='word_1_203' title='bbox 1059 2875 1106 2950; x_wconf 83' lang='lat' dir='ltr'>fol.</span> <span class='ocrx_word' id='word_1_204' title='bbox 1120 2875 1188 2934; x_wconf 82' lang='lat' dir='ltr'>Bar.</span> 
     </span>
     <span class='ocr_line' id='line_1_32' title="bbox 129 3032 1231 3102; baseline -0.002 -8"><span class='ocrx_word' id='word_1_205' title='bbox 129 3069 287 3084; x_wconf 84' lang='lat'>---</span> <span class='ocrx_word' id='word_1_206' title='bbox 538 3037 604 3094; x_wconf 85' lang='lat' dir='ltr'>Ital.</span> <span class='ocrx_word' id='word_1_207' title='bbox 617 3033 655 3094; x_wconf 85' lang='lat' dir='ltr'>da</span> <span class='ocrx_word' id='word_1_208' title='bbox 669 3036 716 3093; x_wconf 88' lang='lat' dir='ltr'>Fr.</span> <span class='ocrx_word' id='word_1_209' title='bbox 731 3035 894 3093; x_wconf 88' lang='lat' dir='ltr'>Sansovino.</span> <span class='ocrx_word' id='word_1_210' title='bbox 915 3035 947 3092; x_wconf 88' lang='lat'>8⁰</span> <span class='ocrx_word' id='word_1_211' title='bbox 970 3033 1032 3092; x_wconf 81' lang='lat' dir='ltr'>Vm.</span> <span class='ocrx_word' id='word_1_212' title='bbox 1048 3032 1135 3092; x_wconf 86' lang='grc'><strong>1564.</strong></span> <span class='ocrx_word' id='word_1_213' title='bbox 1186 3099 1189 3102; x_wconf 21' lang='lat'><em>⁴</em></span> <span class='ocrx_word' id='word_1_214' title='bbox 1228 3067 1231 3073; x_wconf 76' lang='lat'><em>=</em></span> 
     </span>
     <span class='ocr_line' id='line_1_33' title="bbox 128 3113 952 3190; baseline -0.004 -16"><span class='ocrx_word' id='word_1_215' title='bbox 128 3149 445 3162; x_wconf 82' lang='lat'>-----—-</span> <span class='ocrx_word' id='word_1_216' title='bbox 617 3115 704 3174; x_wconf 59' lang='lat' dir='ltr'>svor.</span> <span class='ocrx_word' id='word_1_217' title='bbox 724 3116 756 3172; x_wconf 88' lang='lat'>8⁰</span> <span class='ocrx_word' id='word_1_218' title='bbox 777 3115 853 3190; x_wconf 84' lang='lat' dir='ltr'>Nap.</span> <span class='ocrx_word' id='word_1_219' title='bbox 867 3113 952 3172; x_wconf 72' lang='lat'>1724.</span> 
     </span>
     <span class='ocr_line' id='line_1_34' title="bbox 128 3191 1187 3272; baseline -0.002 -19"><span class='ocrx_word' id='word_1_220' title='bbox 128 3227 287 3247; x_wconf 67' lang='lat'><em>··--—»-</em></span> <span class='ocrx_word' id='word_1_221' title='bbox 301 3197 335 3254; x_wconf 90' lang='lat' dir='ltr'>ln</span> <span class='ocrx_word' id='word_1_222' title='bbox 350 3196 547 3255; x_wconf 84' lang='lat' dir='ltr'>Commodum</span> <span class='ocrx_word' id='word_1_223' title='bbox 560 3194 709 3261; x_wconf 82' lang='lat' dir='ltr'>ruralium,</span> <span class='ocrx_word' id='word_1_224' title='bbox 720 3213 790 3251; x_wconf 91' lang='lat' dir='ltr'>cum</span> <span class='ocrx_word' id='word_1_225' title='bbox 804 3193 914 3272; x_wconf 83' lang='lat' dir='ltr'>liguris,</span> <span class='ocrx_word' id='word_1_226' title='bbox 926 3193 1005 3252; x_wconf 89' lang='lat' dir='ltr'>Libri</span> <span class='ocrx_word' id='word_1_227' title='bbox 1021 3191 1187 3252; x_wconf 89' lang='lat' dir='ltr'>duodecim.</span> 
     </span>
     <span class='ocr_line' id='line_1_35' title="bbox 171 3275 570 3345; baseline -0.003 -12"><span class='ocrx_word' id='word_1_228' title='bbox 171 3275 218 3333; x_wconf 86' lang='lat' dir='ltr'>fol.</span> <span class='ocrx_word' id='word_1_229' title='bbox 239 3277 346 3334; x_wconf 80' lang='lat' dir='ltr'>Lobun.</span> <span class='ocrx_word' id='word_1_230' title='bbox 367 3276 413 3334; x_wconf 90' lang='lat' dir='ltr'>Jo.</span> <span class='ocrx_word' id='word_1_231' title='bbox 429 3277 463 3333; x_wconf 88' lang='lat' dir='ltr'>de</span> <span class='ocrx_word' id='word_1_232' title='bbox 480 3275 570 3345; x_wconf 85' lang='lat' dir='ltr'>Wests.</span> 
     </span>
     <span class='ocr_line' id='line_1_36' title="bbox 130 3351 1142 3410; baseline -0.001 0"><span class='ocrx_word' id='word_1_233' title='bbox 130 3386 605 3402; x_wconf 83' lang='lat'>———--—---—-</span> <span class='ocrx_word' id='word_1_234' title='bbox 617 3351 667 3410; x_wconf 88' lang='lat' dir='ltr'>sol.</span> <span class='ocrx_word' id='word_1_235' title='bbox 687 3351 794 3410; x_wconf 83' lang='lat' dir='ltr'>Looon.</span> <span class='ocrx_word' id='word_1_236' title='bbox 1033 3381 1044 3403; x_wconf 66' lang='lat' dir='ltr'><em>s</em></span> <span class='ocrx_word' id='word_1_237' title='bbox 1134 3354 1142 3404; x_wconf 69' lang='lat' dir='ltr'><em>L</em></span> 
     </span>
     <span class='ocr_line' id='line_1_37' title="bbox 131 3429 1276 3513; baseline -0.003 -22"><span class='ocrx_word' id='word_1_238' title='bbox 131 3433 357 3493; x_wconf 87' lang='lat' dir='ltr'>CRESCENZI</span> <span class='ocrx_word' id='word_1_239' title='bbox 372 3440 450 3513; x_wconf 85' lang='lat' dir='ltr'>(oro.</span> <span class='ocrx_word' id='word_1_240' title='bbox 462 3453 569 3492; x_wconf 75' lang='lat' dir='ltr'>rrnrno</span> <span class='ocrx_word' id='word_1_241' title='bbox 581 3434 635 3505; x_wconf 80' lang='lat' dir='ltr'>on)</span> <span class='ocrx_word' id='word_1_242' title='bbox 649 3432 763 3490; x_wconf 90' lang='lat' dir='ltr'>Corona</span> <span class='ocrx_word' id='word_1_243' title='bbox 774 3430 849 3490; x_wconf 82' lang='lat' dir='ltr'>della</span> <span class='ocrx_word' id='word_1_244' title='bbox 863 3430 981 3490; x_wconf 83' lang='lat' dir='ltr'>Nobtlta</span> <span class='ocrx_word' id='word_1_245' title='bbox 993 3429 1117 3489; x_wconf 85' lang='lat' dir='ltr'>d’Italia.</span> <span class='ocrx_word' id='word_1_246' title='bbox 1157 3433 1189 3488; x_wconf 91' lang='lat'>4⁰</span> <span class='ocrx_word' id='word_1_247' title='bbox 1272 3450 1276 3463; x_wconf 94' lang='grc'><strong><em>·</em></strong></span> 
     </span>
     <span class='ocr_line' id='line_1_38' title="bbox 132 3587 1190 3669; baseline -0.002 -20"><span class='ocrx_word' id='word_1_248' title='bbox 132 3591 370 3651; x_wconf 85' lang='lat' dir='ltr'>CRESCENZO</span> <span class='ocrx_word' id='word_1_249' title='bbox 386 3593 476 3669; x_wconf 86' lang='lat' dir='ltr'>(ure.)</span> <span class='ocrx_word' id='word_1_250' title='bbox 492 3591 715 3668; x_wconf 79' lang='lat' dir='ltr'>Ragionnmenti</span> <span class='ocrx_word' id='word_1_251' title='bbox 729 3592 844 3648; x_wconf 91' lang='lat' dir='ltr'>intorno</span> <span class='ocrx_word' id='word_1_252' title='bbox 858 3588 913 3646; x_wconf 84' lang='lat' dir='ltr'>alla</span> <span class='ocrx_word' id='word_1_253' title='bbox 925 3608 1019 3647; x_wconf 83' lang='lat' dir='ltr'>nuova</span> <span class='ocrx_word' id='word_1_254' title='bbox 1038 3587 1190 3648; x_wconf 87' lang='lat' dir='ltr'>Medicina</span> 
     </span>
     <span class='ocr_line' id='line_1_39' title="bbox 169 3667 972 3748; baseline -0.006 -19"><span class='ocrx_word' id='word_1_255' title='bbox 169 3670 236 3729; x_wconf 90' lang='lat' dir='ltr'>dell&#39;</span> <span class='ocrx_word' id='word_1_256' title='bbox 251 3673 367 3748; x_wconf 82' lang='lat' dir='ltr'>Aeque,</span> <span class='ocrx_word' id='word_1_257' title='bbox 388 3672 544 3729; x_wconf 85' lang='lat' dir='ltr'>introdotta</span> <span class='ocrx_word' id='word_1_258' title='bbox 558 3673 589 3726; x_wconf 92' lang='lat' dir='ltr'>iu</span> <span class='ocrx_word' id='word_1_259' title='bbox 604 3670 718 3748; x_wconf 87' lang='lat' dir='ltr'>Napoli.</span> <span class='ocrx_word' id='word_1_260' title='bbox 739 3670 771 3725; x_wconf 93' lang='grc'>40</span> <span class='ocrx_word' id='word_1_261' title='bbox 791 3669 868 3744; x_wconf 85' lang='lat' dir='ltr'>Nop.</span> <span class='ocrx_word' id='word_1_262' title='bbox 886 3667 972 3727; x_wconf 73' lang='lat'>1727.</span> 
     </span>
     <span class='ocr_line' id='line_1_40' title="bbox 133 3746 1057 3828; baseline -0.006 -19"><span class='ocrx_word' id='word_1_263' title='bbox 133 3748 275 3815; x_wconf 84' lang='lat' dir='ltr'>CRESCI</span> <span class='ocrx_word' id='word_1_264' title='bbox 292 3746 370 3826; x_wconf 82' lang='lat' dir='ltr'>(cro.</span> <span class='ocrx_word' id='word_1_265' title='bbox 382 3750 480 3822; x_wconf 73' lang='lat' dir='ltr'>surr.)</span> <span class='ocrx_word' id='word_1_266' title='bbox 496 3750 520 3807; x_wconf 94' lang='lat' dir='ltr'>ll</span> <span class='ocrx_word' id='word_1_267' title='bbox 535 3747 659 3828; x_wconf 77' lang='lat' dir='ltr'>perferto</span> <span class='ocrx_word' id='word_1_268' title='bbox 674 3749 821 3805; x_wconf 88' lang='lat' dir='ltr'>Scrittore.</span> <span class='ocrx_word' id='word_1_269' title='bbox 842 3749 874 3804; x_wconf 90' lang='lat'>4⁰</span> <span class='ocrx_word' id='word_1_270' title='bbox 900 3746 960 3803; x_wconf 85' lang='lat' dir='ltr'>Verr.</span> <span class='ocrx_word' id='word_1_271' title='bbox 972 3746 1057 3805; x_wconf 80' lang='grc'><strong>1569.</strong></span> 
     </span>
     <span class='ocr_line' id='line_1_41' title="bbox 133 3829 991 3904; baseline -0.005 -17"><span class='ocrx_word' id='word_1_272' title='bbox 133 3829 410 3889; x_wconf 86' lang='lat' dir='ltr'>CRESCIMBENI</span> <span class='ocrx_word' id='word_1_273' title='bbox 426 3833 504 3904; x_wconf 77' lang='lat' dir='ltr'>(ero,</span> <span class='ocrx_word' id='word_1_274' title='bbox 520 3846 591 3885; x_wconf 68' lang='lat' dir='ltr'>nun.</span> <span class='ocrx_word' id='word_1_275' title='bbox 607 3829 659 3900; x_wconf 84' lang='lat' dir='ltr'>nn)</span> <span class='ocrx_word' id='word_1_276' title='bbox 673 3847 698 3884; x_wconf 86' lang='lat' dir='ltr'>o.</span> <span class='ocrx_word' id='word_1_277' title='bbox 715 3845 849 3886; x_wconf 74' lang='lat' dir='ltr'>orsurus</span> <span class='ocrx_word' id='word_1_278' title='bbox 863 3843 904 3882; x_wconf 85' lang='lat' dir='ltr'>xr.</span> <span class='ocrx_word' id='word_1_279' title='bbox 920 3846 945 3885; x_wconf 81' lang='lat' dir='ltr'>r.</span> <span class='ocrx_word' id='word_1_280' title='bbox 957 3844 991 3884; x_wconf 83' lang='lat' dir='ltr'>rr.</span> 
     </span>
     <span class='ocr_line' id='line_1_42' title="bbox 131 3904 1018 3983; baseline -0.01 -14"><span class='ocrx_word' id='word_1_281' title='bbox 131 3941 290 3958; x_wconf 86' lang='lat'><em>-—-·--</em></span> <span class='ocrx_word' id='word_1_282' title='bbox 304 3908 443 3967; x_wconf 79' lang='lat' dir='ltr'>L’lstor&#39;ra</span> <span class='ocrx_word' id='word_1_283' title='bbox 455 3907 530 3966; x_wconf 84' lang='lat' dir='ltr'>della</span> <span class='ocrx_word' id='word_1_284' title='bbox 543 3906 639 3983; x_wconf 79' lang='lat' dir='ltr'>vulgar</span> <span class='ocrx_word' id='word_1_285' title='bbox 655 3907 761 3964; x_wconf 87' lang='lat' dir='ltr'>Poesia.</span> <span class='ocrx_word' id='word_1_286' title='bbox 782 3907 815 3962; x_wconf 88' lang='grc'>40</span> <span class='ocrx_word' id='word_1_287' title='bbox 834 3906 914 3963; x_wconf 85' lang='lat' dir='ltr'>Rom.</span> <span class='ocrx_word' id='word_1_288' title='bbox 931 3904 1018 3963; x_wconf 87' lang='grc'><strong>1698.</strong></span> 
     </span>
     <span class='ocr_line' id='line_1_43' title="bbox 440 3983 993 4043; baseline -0.011 2"><span class='ocrx_word' id='word_1_289' title='bbox 440 4006 606 4033; x_wconf 88' lang='lat'><strong><em>·-----</em></strong></span> <span class='ocrx_word' id='word_1_290' title='bbox 619 3987 639 4043; x_wconf 89' lang='lat'><strong>6</strong></span> <span class='ocrx_word' id='word_1_291' title='bbox 652 3985 706 4043; x_wconf 86' lang='lat' dir='ltr'>vol.</span> <span class='ocrx_word' id='word_1_292' title='bbox 726 3985 758 4041; x_wconf 86' lang='lat'>4⁰</span> <span class='ocrx_word' id='word_1_293' title='bbox 780 3983 921 4043; x_wconf 84' lang='grc'><strong>1781-39.</strong></span> <span class='ocrx_word' id='word_1_294' title='bbox 992 4002 993 4006; x_wconf 65' lang='grc'>’</span> 
     </span>
     <span class='ocr_line' id='line_1_44' title="bbox 132 4061 1072 4142; baseline -0.013 -13"><span class='ocrx_word' id='word_1_295' title='bbox 132 4099 291 4118; x_wconf 57' lang='lat' dir='ltr'>m*-</span> <span class='ocrx_word' id='word_1_296' title='bbox 306 4070 348 4128; x_wconf 85' lang='lat' dir='ltr'>La</span> <span class='ocrx_word' id='word_1_297' title='bbox 366 4064 494 4125; x_wconf 84' lang='lat' dir='ltr'>Bellczza</span> <span class='ocrx_word' id='word_1_298' title='bbox 508 4064 584 4124; x_wconf 86' lang='lat' dir='ltr'>della</span> <span class='ocrx_word' id='word_1_299' title='bbox 597 4065 698 4142; x_wconf 82' lang='lat' dir='ltr'>vulgar</span> <span class='ocrx_word' id='word_1_300' title='bbox 711 4063 819 4122; x_wconf 86' lang='lat' dir='ltr'>Poesia.</span> <span class='ocrx_word' id='word_1_301' title='bbox 840 4063 873 4119; x_wconf 90' lang='grc'>40</span> <span class='ocrx_word' id='word_1_302' title='bbox 892 4063 974 4121; x_wconf 83' lang='lat' dir='ltr'>Rom.</span> <span class='ocrx_word' id='word_1_303' title='bbox 986 4061 1072 4120; x_wconf 83' lang='lat'>1700.</span> 
     </span>
     <span class='ocr_line' id='line_1_45' title="bbox 132 4141 1190 4221; baseline -0.008 -14"><span class='ocrx_word' id='word_1_304' title='bbox 132 4178 291 4199; x_wconf 59' lang='lat' dir='ltr'>m—</span> <span class='ocrx_word' id='word_1_305' title='bbox 304 4146 502 4220; x_wconf 75' lang='lat' dir='ltr'>Commentarj</span> <span class='ocrx_word' id='word_1_306' title='bbox 517 4143 590 4204; x_wconf 85' lang='lat' dir='ltr'>della</span> <span class='ocrx_word' id='word_1_307' title='bbox 612 4145 709 4221; x_wconf 79' lang='lat' dir='ltr'>volgur</span> <span class='ocrx_word' id='word_1_308' title='bbox 731 4142 840 4200; x_wconf 85' lang='lat' dir='ltr'>Poesia.</span> <span class='ocrx_word' id='word_1_309' title='bbox 871 4141 956 4200; x_wconf 88' lang='lat' dir='ltr'>Tom.</span> <span class='ocrx_word' id='word_1_310' title='bbox 979 4161 999 4200; x_wconf 94' lang='lat'>1.</span> <span class='ocrx_word' id='word_1_311' title='bbox 1039 4144 1071 4200; x_wconf 89' lang='grc'>40</span> <span class='ocrx_word' id='word_1_312' title='bbox 1111 4142 1190 4200; x_wconf 74' lang='lat' dir='ltr'>lione.</span> 
     </span>
     <span class='ocr_line' id='line_1_46' title="bbox 133 4295 876 4382; baseline -0.001 -23"><span class='ocrx_word' id='word_1_313' title='bbox 133 4295 621 4382; x_wconf 42' lang='lat' dir='ltr'>4--1Gtuoelii01tmptct</span> <span class='ocrx_word' id='word_1_314' title='bbox 642 4303 674 4359; x_wconf 89' lang='grc'>40</span> <span class='ocrx_word' id='word_1_315' title='bbox 694 4301 773 4358; x_wconf 82' lang='lat' dir='ltr'>Rom.</span> <span class='ocrx_word' id='word_1_316' title='bbox 790 4298 876 4361; x_wconf 81' lang='lat'>1705.</span> 
     </span>
     <span class='ocr_line' id='line_1_47' title="bbox 214 4377 1193 4447; baseline -0.009 0"><span class='ocrx_word' id='word_1_317' title='bbox 214 4385 290 4447; x_wconf 79' lang='lat' dir='ltr'>Vou.</span> <span class='ocrx_word' id='word_1_318' title='bbox 305 4384 345 4445; x_wconf 87' lang='lat'>11.</span> <span class='ocrx_word' id='word_1_319' title='bbox 663 4381 682 4440; x_wconf 75' lang='lat'><strong>3</strong></span> <span class='ocrx_word' id='word_1_320' title='bbox 696 4379 725 4440; x_wconf 71' lang='lat' dir='ltr'><strong>Q</strong></span> <span class='ocrx_word' id='word_1_321' title='bbox 1079 4377 1193 4445; x_wconf 67' lang='lat' dir='ltr'>culis-</span> 
     </span>
    </p>
   </div>
   <div class='ocr_carea' id='block_1_2' title="bbox 0 0 1334 4860">
    <p class='ocr_par' dir='ltr' id='par_1_2' title="bbox 0 0 1334 4860">
     <span class='ocr_line' id='line_1_48' title="bbox 0 0 1334 4860; baseline 0 0"><span class='ocrx_word' id='word_1_322' title='bbox 0 0 1334 4860; x_wconf 95' lang='lat' dir='ltr'> </span> 
     </span>
    </p>
   </div>
  </div>
 </body>
</html>
