2610 4860
461 285 731 397 ''cou
879 295 884 301 ’

115 454 370 537 CONRIHGIUS
382 472 506 551 (nanu.)
517 469 562 531 De
572 471 723 532 Electione
735 471 847 532 Urbani
858 470 919 533 IIX
928 482 958 532 et
968 472 1174 541 innocentiiX

39 619 44 627 ,
155 555 326 615 Pontificum
339 556 391 612 &c
413 571 481 612 cum
498 552 535 611 H.
551 552 702 631 conringii
717 555 867 629 prooemio.
888 556 920 610 4⁰
939 554 1032 614 Helm.
1046 556 1132 614 1651.

116 658 272 682 --—-
288 636 334 694 De
348 632 579 711 Antiquitatibus
602 633 786 691 Academicis
808 634 1027 693 Dissertationes
1040 655 1100 705 sex,
1120 636 1177 697 ba-v

154 717 223 774 bitae
237 718 268 773 in
281 712 442 773 Academia
453 713 535 771 Jvlia.
556 714 588 769 4⁰
607 712 701 770 Helm.
715 710 801 770 1651.
926 739 934 750 ·

92 847 96 853 .
116 823 275 842 ---
291 793 428 852 Defensio
441 791 579 850 Ecclesiae
596 791 823 850 Protestantium
837 791 986 852 adversum
999 793 1058 853 dvo
1072 795 1173 855 Ponti·

155 872 285 932 liciorvm
300 874 488 951 Argvmenta.
511 872 543 928 4⁰
564 871 680 929 Helm'st.
696 868 782 930 1654.

117 974 277 999 -·-··---
289 951 550 1011 Fvndamentorvm
560 951 639 1010 Fidei
651 950 810 1009 Pontificius
820 951 984 1011 Concussio.
1005 956 1036 1010 4⁰
1056 955 1174 1015 Helmst.

157 1033 244 1092 1654.
737 1064 739 1068 ⁴

115 1110 445 1191 ——Responsio
465 1110 502 1169 ad
520 1110 708 1171 Valerianum
731 1112 875 1192 Magnum
898 1131 952 1188 pro
973 1133 1025 1172 sua
1045 1113 1175 1174 Concus-

118 1215 121 1220 ·
155 1192 233 1249 sione
247 1191 514 1251 Fundamentorum
529 1190 610 1249 Fidei
625 1191 794 1251 Pontificiae.
815 1194 847 1250 4⁰
868 1194 983 1250 Helmst.
996 1193 1082 1251 1654.
1172 1219 1177 1225 ’

114 1298 275 1317 ---·-
289 1271 554 1330 Animadversiones
565 1273 595 1328 in
607 1270 771 1350 Cirristoph.
784 1271 927 1330 Havnoldi
940 1271 1084 1332 Libellum
1097 1273 1175 1333 Con·

200 1352 225 1384 ‚¹
270 1352 275 1362 '
378 1352 391 1384 ι’
509 1352 521 1385 0
757 1355 759 1358 ’
1151 1379 1155 1386 ,
1174 1382 1179 1389 ,

115 1350 864 1570 οκῖῗ---ΫΕΚΞΓ113611511Ξπῑ1111Ἔ1111111116111101111111111111110
881 1417 1061 1490 concausam·
1082 1452 1175 1512 oppo-

156 1520 213 1568 siti.
368 1551 374 1569 .

117 1618 275 1638 --—
288 1589 448 1670 Responsio
460 1589 547 1652 altera
560 1610 617 1668 pro
629 1611 683 1651 sna
697 1592 890 1652 concussione
904 1590 1175 1653 Fundamentorum

156 1668 239 1728 Fidei
254 1670 426 1730 Pontificiae.
448 1673 481 1729 4⁰
492 1672 618 1730 Helmst.
633 1672 717 1728 1655.
794 1691 797 1700 ’
1127 1686 1132 1695 ·

117 1781 274 1797 ----
288 1751 415 1810 Historia
437 1750 596 1810 Electionis
617 1751 775 1812 Alexandri
791 1751 860 1810 VII.
884 1751 982 1829 Papae
995 1771 1063 1811 cum
1078 1752 1177 1831 Opus·

157 1829 231 1888 culis
244 1833 327 1889 variis
340 1830 469 1910 ejusdem
483 1831 669 1910 Argumenti.
690 1832 721 1888 4⁰
741 1830 933 1890 1111111657.
1030 1860 1050 1876 -2

116 1939 276 1956 --—
289 1910 561 1970 Animadversiones
574 1912 603 1970 in
619 1909 742 1969 fratrum
767 1911 888 1969 Adriani
911 1920 941 1970 et
963 1911 1039 1970 Petri
1053 1911 1090 1970 de
1103 1912 1179 1971 Wm

155 1987 294 2048 lenbvrch
308 1991 459 2069 Conringii
476 1990 584 2049 laudati
599 1998 629 2049 et
643 1994 764 2050 correcti
786 1991 903 2050 Partem
925 1993 1053 2067 priorem
1067 1992 1104 2051 de
1117 1982 1186 2052 Vo·'

142 2070 271 2143 ,catione
303 2073 527 2130 extraordinaria
561 2071 724 2148 primorum
757 2069 895 2155 Ecclesiae
932 2069 1178 2131 Reformatorum.

157 2148 268 2209 Quibus
282 2152 370 2210 etiarn
384 2171 436 2209 sua
449 2151 607 2210 Concussio
621 2149 886 2208 Fundamentorum
908 2149 991 2209 Fidei
1014 2151 1178 2211 Pontificiae

116 2242 123 2273 τ
156 2226 194 2285 ab
207 2229 311 2305 iniquo
324 2238 426 2289 contra
438 2230 627 2307 Evangelieos
640 2230 729 2287 abusu
740 2228 911 2288 vindicatur.
932 2232 964 2287 4⁰
986 2232 1077 2288 Helm.
1092 2231 1178 2290 1663.-

116 2339 275 2356 --—-
291 2311 475 2385 Propulitica.
516 2309 643 2384 Adjecta
664 2319 731 2368 sunt
754 2309 881 2384 ejusdem
908 2319 941 2366 ut
962 2311 1017 2368 &J
1044 2311 1178 2389 Hopperi

156 2387 294 2448 nonnulla
307 2392 344 2449 de
358 2391 435 2448 varia
447 2392 474 2448 a
487 2406 553 2448 vera
565 2390 808 2468 Jurisprudentia.
830 2390 861 2446 4⁰
882 2389 975 2448 Helm.
988 2389 1073 2448 1668.
1173 2418 1177 2423 ·

116 2496 275 2516 ·--
289 2471 335 2530 De
349 2469 429 2528 Bello
439 2477 539 2528 contra
552 2466 666 2527 Turcas
681 2470 837 2547 prudenter
851 2469 979 2547 gerendo
1003 2469 1082 2528 Libri
1097 2471 1179 2542 varii,
1255 2487 1257 2496 ’

117 2587 120 2591 -
156 2550 267 2619 selecti,
280 2561 309 2609 et
332 2563 391 2609 uno
405 2549 562 2611 Volumina
584 2549 664 2618 editi,
685 2567 755 2608 cura
769 2547 931 2608 Hermanni
946 2547 1106 2630 Conringii.
1146 2550 1183 2626 41ι

156 2629 250 2687 Helm.
264 2629 351 2690 1664.

115 2739 275 2760 -·-·-—-—-
288 2711 334 2769 De
358 2713 553 2789 antiquissimo
575 2718 647 2770 statv
670 2710 859 2770 Helmestadii
872 2719 902 2768 et
915 2707 1041 2769 Viciniae
1056 2708 1180 2768 Coniec-

156 2800 240 2850 turae.
261 2791 293 2849 4⁰
314 2791 444 2849 Helmest.
459 2791 545 2850 1665.

116 2902 277 2918 ---
290 2869 428 2949 bpistolae
442 2871 584 2929 hactenus
597 2871 722 2948 sparsim
747 2869 843 2937 editae,
857 2887 940 2926 nunc
962 2868 993 2926 in
1015 2888 1076 2928 nno
1089 2867 1179 2928 Volu-

157 2951 239 3010 mine
252 2949 483 3028 comprehensae.
523 2950 569 3008 De
583 2952 660 3008 varia
672 2949 823 3019 Doctrina.
840 2949 876 3010 v4⁰
896 2945 1026 3006 Heliacas.
1039 2948 1124 3006 1666.

118 3055 278 3085 ---ψ
291 3030 420 3109 Epistola
441 3031 635 3091 Gratulatoria
656 3029 756 3087 natalis
769 3028 807 3087 ad
820 3028 858 3085 I).
874 3027 1041 3106 Augustum
1062 3027 1179 3087 Ducem

158 3110 281 3169 Brunsv.
295 3118 325 3168 et
340 3111 452 3169 Liineb.
474 3113 507 3168 4⁰
526 3111 657 3168 Heimect.
671 3108 757 3172 1666.
1061 3158 1064 3162 .

118 3222 277 3236 ---
291 3190 337 3248 De
352 3190 473 3248 Habitus
485 3190 650 3268 Corporum
666 3190 907 3248 Germanicorum
928 3189 1039 3267 antiqui
1061 3189 1088 3246 &
1111 3189 1188 3262 novi,

157 3268 268 3330 causis.
288 3271 320 3327 4⁰
340 3272 432 3328 Helm.
446 3270 531 3328 1666.

117 3379 593 3403 ..-----------
607 3351 747 3409 Annotat.
768 3348 922 3409 uberrimis
943 3340 1110 3409 dilucida‘vit
1131 3346 1181 3408 Jo.

127 3462 130 3467 ·
157 3430 311 3507 Philippus
326 3431 530 3566 Burpgravius
551 3430 590 3488 61.
611 3431 643 3488 8⁰
663 3429 1020 3489 Fi·anc.adMaen.1727.

115 3539 277 3561 ---
290 3509 416 3587 Epistoa
430 3508 674 3570 Gratulatoriaad
688 3511 813 3589 August.
836 3510 953 3568 Ducem
975 3507 1180 3567 Brunsvicens.

155 3590 189 3646 4⁰
208 3589 426 3649 Hermetem.
958 3613 961 3620 ·

92 3679 283 3744 ,έ--ω
296 3667 461 3729 Vindicatio
483 3689 600 3729 svorum
624 3670 654 3727 in
678 3668 771 3744 Epist.
795 3667 925 3747 gratulat.
951 3665 987 3723 ad
1008 3666 1179 3742 Augustum

75 3773 77 3777 ¹
155 3749 271 3812 Ducem
287 3749 408 3808 Brunsv.
434 3750 460 3807 &
476 3749 589 3830 Lyneb.
603 3747 640 3807 de
654 3749 683 3806 S.
697 3747 804 3805 Ebraeo
826 3746 934 3805 Codice
957 3745 1119 3815 Dictorum,
1142 3744 1179 3803 ab

118 3839 124 3875 1
156 3829 508 3967 i⁰i⁰⁰¹⁵⁸iff³{.⁰⁰}⁰¹.⁰¹¹ll⁸
523 3829 660 3965 Mattlritq
672 3827 893 3965 lvffsmbltht‘thlo
913 3824 1005 3964 Haen.
1022 3824 1108 3962 ibitig.
1146 3851 1179 3963 4⁰·

115 3937 276 3956 ----—
318 3927 376 3967 cio
404 3927 566 3984 nJurtarum
581 3929 624 3968 ins
639 3927 647 3966 1
661 3926 679 3965 u
694 3928 710 3966 a
724 3925 753 3966 tn
806 3925 821 3963 a
868 3923 928 3964 ram
983 3922 1065 3963 asmu
1101 3945 1108 3963 .
1171 3971 1180 3979 ἦ

119 4004 121 4011 ·
156 3989 250 4046 Helm.
267 3986 352 4047 1669.
632 4013 634 4016 ¹

72 4077 78 4089 ’
116 4097 276 4118 ---—
290 4067 419 4128 Censura
431 4070 605 4148 Diplomatis
618 4068 697 4145 quod
712 4067 858 4126 Ludovico
873 4064 1045 4143 Imperatori
1058 4062 1116 4123 feri
1128 4081 1178 4124 ac·

120 4186 123 4191 -
157 4156 279 4224 ceptum
291 4146 466 4207 Coenobinm
478 4151 677 4208 Lindaviense.
696 4149 729 4205 4⁰
748 4146 841 4204 Helm.
853 4144 939 4204 1672.

116 4257 276 4276 ---·-
289 4226 335 4283 De
348 4228 578 4308 Antiquitatibus
592 4226 776 4286 Academicis
796 4225 1023 4283 Bisica-tationes.
1043 4222 1179 4281 Accessit

155 4306 427 4383 Svpplementorrm
440 4309 571 4384 ejusdem
581 4307 758 4388 Argumenti
771 4306 858 4364 Liber
872 4305 962 4371 Vnus,
973 4303 1079 4381 quibus
1091 4301 1181 4376 Reipr

155 4383 292 4445 literaria
306 4387 400 4447 omnis
414 4389 478 4450 AEvi
492 4397 581 4452 status
596 4387 762 4448 illustratur.
783 4383 1024 4450 4115111614.
1225 4422 1231 4430 .

119 4496 125 4509 ·
196 4461 274 4528 Vct.
289 4464 330 4527 11.
494 4544 497 4548 Ι
623 4469 685 4528 3G
811 4461 814 4465 ⁴
923 4456 1182 4522 conuiuatus
