<?xml version="1.0" encoding="UTF-8"?>
<!DOCTYPE html PUBLIC "-//W3C//DTD XHTML 1.0 Transitional//EN"
    "http://www.w3.org/TR/xhtml1/DTD/xhtml1-transitional.dtd">
<html xmlns="http://www.w3.org/1999/xhtml" xml:lang="en" lang="en">
 <head>
  <title>
</title>
<meta http-equiv="Content-Type" content="text/html;charset=utf-8" />
  <meta name='ocr-system' content='tesseract 3.04.00' />
  <meta name='ocr-capabilities' content='ocr_page ocr_carea ocr_par ocr_line ocrx_word'/>
</head>
<body>
  <div class='ocr_page' id='page_1' title='image "./librorumimpress06bookgoog_0161.png"; bbox 0 0 2610 4860; ppageno 0'>
   <div class='ocr_carea' id='block_1_1' title="bbox 39 421 1283 4386">
    <p class='ocr_par' dir='ltr' id='par_1_1' title="bbox 122 421 1175 590">
     <span class='ocr_line' id='line_1_1' title="bbox 122 421 1174 513; baseline 0.004 -26"><span class='ocrx_word' id='word_1_1' title='bbox 122 425 284 487; x_wconf 82' lang='lat' dir='ltr'>CASSlNl</span> <span class='ocrx_word' id='word_1_2' title='bbox 298 429 394 504; x_wconf 80' lang='lat' dir='ltr'>(cmv.</span> <span class='ocrx_word' id='word_1_3' title='bbox 409 429 539 502; x_wconf 76' lang='lat' dir='ltr'>nonan.)</span> <span class='ocrx_word' id='word_1_4' title='bbox 555 427 756 490; x_wconf 82' lang='lat' dir='ltr'>Observations</span> <span class='ocrx_word' id='word_1_5' title='bbox 769 445 818 488; x_wconf 86' lang='lat' dir='ltr'>sur</span> <span class='ocrx_word' id='word_1_6' title='bbox 830 421 858 490; x_wconf 85' lang='lat' dir='ltr'>la</span> <span class='ocrx_word' id='word_1_7' title='bbox 870 431 990 490; x_wconf 87' lang='lat' dir='ltr'>Comete</span> <span class='ocrx_word' id='word_1_8' title='bbox 1002 433 1051 510; x_wconf 91' lang='lat' dir='ltr'>qui</span> <span class='ocrx_word' id='word_1_9' title='bbox 1072 452 1088 491; x_wconf 90' lang='lat' dir='ltr'>a</span> <span class='ocrx_word' id='word_1_10' title='bbox 1100 451 1174 513; x_wconf 87' lang='lat' dir='ltr'>paru</span> 
     </span>
     <span class='ocr_line' id='line_1_2' title="bbox 159 506 1175 590; baseline 0.008 -26"><span class='ocrx_word' id='word_1_11' title='bbox 159 527 196 565; x_wconf 87' lang='lat' dir='ltr'>au</span> <span class='ocrx_word' id='word_1_12' title='bbox 210 509 283 565; x_wconf 86' lang='lat' dir='ltr'>mois</span> <span class='ocrx_word' id='word_1_13' title='bbox 295 508 331 565; x_wconf 89' lang='lat' dir='ltr'>de</span> <span class='ocrx_word' id='word_1_14' title='bbox 348 506 512 566; x_wconf 85' lang='lat' dir='ltr'>Decembre</span> <span class='ocrx_word' id='word_1_15' title='bbox 527 508 614 566; x_wconf 99' lang='grc'><strong>1680.</strong></span> <span class='ocrx_word' id='word_1_16' title='bbox 628 518 658 568; x_wconf 87' lang='lat' dir='ltr'>et</span> <span class='ocrx_word' id='word_1_17' title='bbox 669 528 706 567; x_wconf 92' lang='lat' dir='ltr'>en</span> <span class='ocrx_word' id='word_1_18' title='bbox 719 509 839 569; x_wconf 89' lang='lat' dir='ltr'>Janvier</span> <span class='ocrx_word' id='word_1_19' title='bbox 857 509 943 568; x_wconf 87' lang='grc'><strong>1681.</strong></span> <span class='ocrx_word' id='word_1_20' title='bbox 962 509 1126 590; x_wconf 71' lang='lat' dir='ltr'>presentees</span> <span class='ocrx_word' id='word_1_21' title='bbox 1140 532 1175 572; x_wconf 83' lang='lat' dir='ltr'>av</span> 
     </span>
    </p>

    <p class='ocr_par' dir='ltr' id='par_1_2' title="bbox 39 566 751 664">
     <span class='ocr_line' id='line_1_3' title="bbox 39 566 751 664; baseline 0.003 -20"><span class='ocrx_word' id='word_1_22' title='bbox 39 566 57 629; x_wconf 75' lang='grc'>1</span> <span class='ocrx_word' id='word_1_23' title='bbox 158 585 477 664; x_wconf 55' lang='lat' dir='ltr'>mmmm.</span> <span class='ocrx_word' id='word_1_24' title='bbox 749 642 751 646; x_wconf 13' lang='grc' dir='ltr'><em>Α</em></span> 
     </span>
    </p>

    <p class='ocr_par' dir='ltr' id='par_1_3' title="bbox 117 665 1193 823">
     <span class='ocr_line' id='line_1_4' title="bbox 117 665 1193 729; baseline 0.002 -5"><span class='ocrx_word' id='word_1_25' title='bbox 117 694 277 713; x_wconf 86' lang='lat'>-——-</span> <span class='ocrx_word' id='word_1_26' title='bbox 288 666 446 725; x_wconf 86' lang='lat' dir='ltr'>Premieres</span> <span class='ocrx_word' id='word_1_27' title='bbox 456 666 656 725; x_wconf 85' lang='lat' dir='ltr'>Observations</span> <span class='ocrx_word' id='word_1_28' title='bbox 662 665 699 724; x_wconf 93' lang='lat' dir='ltr'>de</span> <span class='ocrx_word' id='word_1_29' title='bbox 709 665 738 726; x_wconf 88' lang='lat' dir='ltr'>la</span> <span class='ocrx_word' id='word_1_30' title='bbox 746 667 868 726; x_wconf 72' lang='lat' dir='ltr'>Cometa</span> <span class='ocrx_word' id='word_1_31' title='bbox 877 667 913 727; x_wconf 90' lang='lat' dir='ltr'>de</span> <span class='ocrx_word' id='word_1_32' title='bbox 923 687 956 726; x_wconf 90' lang='lat' dir='ltr'>ce</span> <span class='ocrx_word' id='word_1_33' title='bbox 968 671 1040 728; x_wconf 86' lang='lat' dir='ltr'>mois</span> <span class='ocrx_word' id='word_1_34' title='bbox 1049 668 1193 729; x_wconf 76' lang='lat' dir='ltr'>d’Aoust·</span> 
     </span>
     <span class='ocr_line' id='line_1_5' title="bbox 159 744 918 823; baseline 0.003 -21"><span class='ocrx_word' id='word_1_35' title='bbox 159 764 357 821; x_wconf 74' lang='lat' dir='ltr'>mmcnxxxn.</span> <span class='ocrx_word' id='word_1_36' title='bbox 370 744 534 822; x_wconf 74' lang='lat' dir='ltr'>presentees</span> <span class='ocrx_word' id='word_1_37' title='bbox 548 765 585 804; x_wconf 90' lang='lat' dir='ltr'>au</span> <span class='ocrx_word' id='word_1_38' title='bbox 600 745 674 823; x_wconf 84' lang='lat' dir='ltr'>Roy.</span> <span class='ocrx_word' id='word_1_39' title='bbox 695 748 726 802; x_wconf 94' lang='lat'>4⁰</span> <span class='ocrx_word' id='word_1_40' title='bbox 747 749 815 804; x_wconf 84' lang='lat' dir='ltr'>Por.</span> <span class='ocrx_word' id='word_1_41' title='bbox 832 749 918 807; x_wconf 74' lang='grc'><strong>1686.</strong></span> 
     </span>
    </p>

    <p class='ocr_par' dir='ltr' id='par_1_4' title="bbox 109 823 1178 1041">
     <span class='ocr_line' id='line_1_6' title="bbox 109 823 1176 905; baseline 0.004 -24"><span class='ocrx_word' id='word_1_42' title='bbox 109 856 279 871; x_wconf 55' lang='grc'><em>,----</em></span> <span class='ocrx_word' id='word_1_43' title='bbox 294 825 334 882; x_wconf 85' lang='lat' dir='ltr'>La</span> <span class='ocrx_word' id='word_1_44' title='bbox 348 823 511 883; x_wconf 88' lang='lat' dir='ltr'>Meridiana</span> <span class='ocrx_word' id='word_1_45' title='bbox 523 825 569 884; x_wconf 86' lang='lat' dir='ltr'>del</span> <span class='ocrx_word' id='word_1_46' title='bbox 581 825 706 900; x_wconf 83' lang='lat' dir='ltr'>Templo</span> <span class='ocrx_word' id='word_1_47' title='bbox 720 825 748 884; x_wconf 91' lang='lat' dir='ltr'>di</span> <span class='ocrx_word' id='word_1_48' title='bbox 768 826 796 883; x_wconf 89' lang='grc'>8.</span> <span class='ocrx_word' id='word_1_49' title='bbox 811 825 945 884; x_wconf 89' lang='lat' dir='ltr'>Petronio</span> <span class='ocrx_word' id='word_1_50' title='bbox 967 829 1059 894; x_wconf 86' lang='lat' dir='ltr'>tirata,</span> <span class='ocrx_word' id='word_1_51' title='bbox 1073 847 1089 885; x_wconf 90' lang='lat' dir='ltr'>e</span> <span class='ocrx_word' id='word_1_52' title='bbox 1109 845 1176 905; x_wconf 81' lang='lat' dir='ltr'>pre·</span> 
     </span>
     <span class='ocr_line' id='line_1_7' title="bbox 160 903 1178 980; baseline 0.004 -19"><span class='ocrx_word' id='word_1_53' title='bbox 160 913 261 979; x_wconf 87' lang='lat' dir='ltr'>parata</span> <span class='ocrx_word' id='word_1_54' title='bbox 273 922 326 980; x_wconf 90' lang='lat' dir='ltr'>per</span> <span class='ocrx_word' id='word_1_55' title='bbox 348 903 375 961; x_wconf 91' lang='lat' dir='ltr'>le</span> <span class='ocrx_word' id='word_1_56' title='bbox 399 903 604 962; x_wconf 85' lang='lat' dir='ltr'>Osseruazioni</span> <span class='ocrx_word' id='word_1_57' title='bbox 619 904 841 962; x_wconf 79' lang='lat' dir='ltr'>Astronomich&#39;e</span> <span class='ocrx_word' id='word_1_58' title='bbox 856 904 966 964; x_wconf 91' lang='lat' dir='ltr'>l’Anno</span> <span class='ocrx_word' id='word_1_59' title='bbox 981 905 1065 963; x_wconf 84' lang='lat'>1655.</span> <span class='ocrx_word' id='word_1_60' title='bbox 1078 907 1178 965; x_wconf 86' lang='lat' dir='ltr'>riuista</span> 
     </span>
     <span class='ocr_line' id='line_1_8' title="bbox 158 981 806 1041; baseline 0.003 -2"><span class='ocrx_word' id='word_1_61' title='bbox 158 1003 175 1039; x_wconf 89' lang='lat' dir='ltr'>e</span> <span class='ocrx_word' id='word_1_62' title='bbox 189 990 344 1040; x_wconf 86' lang='lat' dir='ltr'>restaurata</span> <span class='ocrx_word' id='word_1_63' title='bbox 358 981 468 1041; x_wconf 84' lang='lat' dir='ltr'>l&#39;Anno</span> <span class='ocrx_word' id='word_1_64' title='bbox 483 984 569 1041; x_wconf 89' lang='grc'><strong>1695.</strong></span> <span class='ocrx_word' id='word_1_65' title='bbox 590 984 622 1039; x_wconf 90' lang='grc'>41</span> <span class='ocrx_word' id='word_1_66' title='bbox 642 982 707 1039; x_wconf 86' lang='lat' dir='ltr'>Bol.</span> <span class='ocrx_word' id='word_1_67' title='bbox 720 983 806 1041; x_wconf 83' lang='lat'><strong>1695.</strong></span> 
     </span>
    </p>

    <p class='ocr_par' dir='ltr' id='par_1_5' title="bbox 120 1062 1178 1294">
     <span class='ocr_line' id='line_1_9' title="bbox 120 1062 1178 1141; baseline 0.004 -23"><span class='ocrx_word' id='word_1_68' title='bbox 120 1075 279 1106; x_wconf 86' lang='grc'><em>-’---</em></span> <span class='ocrx_word' id='word_1_69' title='bbox 292 1063 321 1119; x_wconf 87' lang='grc' dir='ltr'>Α</span> <span class='ocrx_word' id='word_1_70' title='bbox 344 1062 594 1138; x_wconf 85' lang='lat' dir='ltr'>Prognostication</span> <span class='ocrx_word' id='word_1_71' title='bbox 618 1063 797 1136; x_wconf 74' lang='lat' dir='ltr'>concerning</span> <span class='ocrx_word' id='word_1_72' title='bbox 821 1062 871 1120; x_wconf 90' lang='lat' dir='ltr'>tbe</span> <span class='ocrx_word' id='word_1_73' title='bbox 894 1063 991 1121; x_wconf 88' lang='lat' dir='ltr'>Frost:</span> <span class='ocrx_word' id='word_1_74' title='bbox 1015 1065 1057 1141; x_wconf 90' lang='lat' dir='ltr'>by</span> <span class='ocrx_word' id='word_1_75' title='bbox 1080 1064 1178 1122; x_wconf 84' lang='lat' dir='ltr'>Mons.</span> 
     </span>
     <span class='ocr_line' id='line_1_10' title="bbox 162 1139 1178 1218; baseline 0.006 -23"><span class='ocrx_word' id='word_1_76' title='bbox 162 1139 272 1196; x_wconf 87' lang='lat' dir='ltr'>Cassini</span> <span class='ocrx_word' id='word_1_77' title='bbox 286 1140 335 1197; x_wconf 92' lang='lat' dir='ltr'>the</span> <span class='ocrx_word' id='word_1_78' title='bbox 349 1140 460 1198; x_wconf 90' lang='lat' dir='ltr'>French</span> <span class='ocrx_word' id='word_1_79' title='bbox 475 1140 568 1218; x_wconf 80' lang='lat' dir='ltr'>Kings</span> <span class='ocrx_word' id='word_1_80' title='bbox 581 1139 758 1218; x_wconf 83' lang='lat' dir='ltr'>Astrologer.</span> <span class='ocrx_word' id='word_1_81' title='bbox 786 1142 897 1200; x_wconf 89' lang='lat' dir='ltr'>Transl.</span> <span class='ocrx_word' id='word_1_82' title='bbox 913 1141 988 1201; x_wconf 84' lang='lat' dir='ltr'>froin</span> <span class='ocrx_word' id='word_1_83' title='bbox 1002 1144 1052 1201; x_wconf 92' lang='lat' dir='ltr'>the</span> <span class='ocrx_word' id='word_1_84' title='bbox 1066 1143 1178 1202; x_wconf 88' lang='lat' dir='ltr'>French</span> 
     </span>
     <span class='ocr_line' id='line_1_11' title="bbox 161 1217 510 1294; baseline 0.009 -21"><span class='ocrx_word' id='word_1_85' title='bbox 161 1235 249 1294; x_wconf 84' lang='lat' dir='ltr'>copy.</span> <span class='ocrx_word' id='word_1_86' title='bbox 270 1218 302 1275; x_wconf 96' lang='grc'>41</span> <span class='ocrx_word' id='word_1_87' title='bbox 323 1218 412 1276; x_wconf 85' lang='lat' dir='ltr'>Lond.</span> <span class='ocrx_word' id='word_1_88' title='bbox 426 1217 510 1278; x_wconf 90' lang='grc'><strong>1697.</strong></span> 
     </span>
    </p>

    <p class='ocr_par' dir='ltr' id='par_1_6' title="bbox 122 1295 1182 1689">
     <span class='ocr_line' id='line_1_12' title="bbox 122 1295 1181 1379; baseline 0.005 -26"><span class='ocrx_word' id='word_1_89' title='bbox 122 1295 280 1359; x_wconf 85' lang='lat' dir='ltr'>CASSlNl</span> <span class='ocrx_word' id='word_1_90' title='bbox 295 1300 454 1374; x_wconf 73' lang='lat' dir='ltr'>(incanus)</span> <span class='ocrx_word' id='word_1_91' title='bbox 469 1298 577 1360; x_wconf 76' lang='lat' dir='ltr'>Thesea</span> <span class='ocrx_word' id='word_1_92' title='bbox 592 1297 808 1356; x_wconf 87' lang='lat' dir='ltr'>Mathematicae</span> <span class='ocrx_word' id='word_1_93' title='bbox 822 1297 860 1357; x_wconf 89' lang='lat' dir='ltr'>de</span> <span class='ocrx_word' id='word_1_94' title='bbox 882 1299 990 1376; x_wconf 79' lang='lat' dir='ltr'>Optic&#39;a</span> <span class='ocrx_word' id='word_1_95' title='bbox 1014 1318 1181 1379; x_wconf 79' lang='lat' dir='ltr'>propugna-</span> 
     </span>
     <span class='ocr_line' id='line_1_13' title="bbox 161 1374 1179 1455; baseline 0.005 -23"><span class='ocrx_word' id='word_1_96' title='bbox 161 1375 271 1433; x_wconf 87' lang='lat' dir='ltr'>buntur</span> <span class='ocrx_word' id='word_1_97' title='bbox 284 1374 302 1432; x_wconf 81' lang='lat' dir='ltr'>al</span> <span class='ocrx_word' id='word_1_98' title='bbox 315 1377 335 1434; x_wconf 90' lang='lat' dir='ltr'>J</span> <span class='ocrx_word' id='word_1_99' title='bbox 336 1377 427 1435; x_wconf 91' lang='lat' dir='ltr'>acobo</span> <span class='ocrx_word' id='word_1_100' title='bbox 441 1377 550 1435; x_wconf 88' lang='lat' dir='ltr'>Cassini</span> <span class='ocrx_word' id='word_1_101' title='bbox 564 1378 693 1436; x_wconf 89' lang='lat' dir='ltr'>Parisino</span> <span class='ocrx_word' id='word_1_102' title='bbox 701 1376 749 1435; x_wconf 88' lang='lat' dir='ltr'>die</span> <span class='ocrx_word' id='word_1_103' title='bbox 760 1377 882 1436; x_wconf 85' lang='lat' dir='ltr'>Veneris</span> <span class='ocrx_word' id='word_1_104' title='bbox 895 1379 942 1436; x_wconf 89' lang='lat'>10.</span> <span class='ocrx_word' id='word_1_105' title='bbox 952 1379 1081 1455; x_wconf 83' lang='lat' dir='ltr'>Augusti</span> <span class='ocrx_word' id='word_1_106' title='bbox 1095 1386 1179 1438; x_wconf 76' lang='grc'><strong>6666.</strong></span> 
     </span>
     <span class='ocr_line' id='line_1_14' title="bbox 161 1454 1182 1535; baseline 0.004 -23"><span class='ocrx_word' id='word_1_107' title='bbox 161 1473 224 1512; x_wconf 82' lang='lat' dir='ltr'>xci.</span> <span class='ocrx_word' id='word_1_108' title='bbox 238 1457 268 1512; x_wconf 93' lang='lat' dir='ltr'>in</span> <span class='ocrx_word' id='word_1_109' title='bbox 280 1454 410 1535; x_wconf 84' lang='lat' dir='ltr'>Collegio</span> <span class='ocrx_word' id='word_1_110' title='bbox 424 1456 614 1535; x_wconf 80' lang='lat' dir='ltr'>Mazarinaeo.</span> <span class='ocrx_word' id='word_1_111' title='bbox 631 1456 812 1514; x_wconf 77' lang='lat' dir='ltr'>Problemata</span> <span class='ocrx_word' id='word_1_112' title='bbox 825 1457 912 1514; x_wconf 91' lang='lat' dir='ltr'>solvet</span> <span class='ocrx_word' id='word_1_113' title='bbox 923 1456 1011 1515; x_wconf 80' lang='lat' dir='ltr'>frater</span> <span class='ocrx_word' id='word_1_114' title='bbox 1024 1460 1085 1531; x_wconf 86' lang='lat' dir='ltr'>ejus</span> <span class='ocrx_word' id='word_1_115' title='bbox 1096 1458 1182 1516; x_wconf 87' lang='lat' dir='ltr'>loan-</span> 
     </span>
     <span class='ocr_line' id='line_1_15' title="bbox 161 1534 1182 1612; baseline 0.005 -22"><span class='ocrx_word' id='word_1_116' title='bbox 161 1534 356 1610; x_wconf 81' lang='lat' dir='ltr'>nes-Baptista</span> <span class='ocrx_word' id='word_1_117' title='bbox 366 1534 476 1593; x_wconf 84' lang='lat' dir='ltr'>Cassini</span> <span class='ocrx_word' id='word_1_118' title='bbox 491 1535 538 1598; x_wconf 84' lang='lat' dir='ltr'>die</span> <span class='ocrx_word' id='word_1_119' title='bbox 552 1539 581 1595; x_wconf 71' lang='lat'>8.</span> <span class='ocrx_word' id='word_1_120' title='bbox 593 1535 770 1612; x_wconf 83' lang='lat' dir='ltr'>Septembris</span> <span class='ocrx_word' id='word_1_121' title='bbox 784 1553 930 1592; x_wconf 82' lang='lat' dir='ltr'>M.Dc.xct.</span> <span class='ocrx_word' id='word_1_122' title='bbox 940 1537 969 1593; x_wconf 92' lang='lat' dir='ltr'>in</span> <span class='ocrx_word' id='word_1_123' title='bbox 980 1535 1182 1595; x_wconf 87' lang='lat' dir='ltr'>Observatorio</span> 
     </span>
     <span class='ocr_line' id='line_1_16' title="bbox 161 1613 494 1689; baseline 0.012 -20"><span class='ocrx_word' id='word_1_124' title='bbox 161 1613 251 1689; x_wconf 83' lang='lat' dir='ltr'>regio.</span> <span class='ocrx_word' id='word_1_125' title='bbox 272 1615 304 1671; x_wconf 91' lang='lat'>4⁰</span> <span class='ocrx_word' id='word_1_126' title='bbox 325 1616 394 1672; x_wconf 84' lang='lat' dir='ltr'>Por.</span> <span class='ocrx_word' id='word_1_127' title='bbox 407 1613 494 1674; x_wconf 89' lang='grc'><strong>1691.</strong></span> 
     </span>
    </p>

    <p class='ocr_par' dir='ltr' id='par_1_7' title="bbox 91 1689 1184 1996">
     <span class='ocr_line' id='line_1_17' title="bbox 162 1689 1182 1831; baseline 0.001 -81"><span class='ocrx_word' id='word_1_128' title='bbox 162 1769 190 1827; x_wconf 73' lang='grc' dir='ltr'><em>Α</em></span> <span class='ocrx_word' id='word_1_129' title='bbox 295 1691 393 1831; x_wconf 54' lang='lat' dir='ltr'>&#39;graue</span> <span class='ocrx_word' id='word_1_130' title='bbox 404 1689 442 1753; x_wconf 77' lang='lat' dir='ltr'>&#39;ae</span> <span class='ocrx_word' id='word_1_131' title='bbox 455 1694 483 1751; x_wconf 90' lang='lat' dir='ltr'>la</span> <span class='ocrx_word' id='word_1_132' title='bbox 497 1691 649 1751; x_wconf 89' lang='lat' dir='ltr'>Grandeur</span> <span class='ocrx_word' id='word_1_133' title='bbox 663 1702 692 1750; x_wconf 90' lang='lat' dir='ltr'>et</span> <span class='ocrx_word' id='word_1_134' title='bbox 706 1691 742 1750; x_wconf 89' lang='lat' dir='ltr'>de</span> <span class='ocrx_word' id='word_1_135' title='bbox 756 1693 782 1749; x_wconf 92' lang='lat' dir='ltr'>la</span> <span class='ocrx_word' id='word_1_136' title='bbox 796 1692 902 1770; x_wconf 84' lang='lat' dir='ltr'>Figurc</span> <span class='ocrx_word' id='word_1_137' title='bbox 916 1690 952 1750; x_wconf 90' lang='lat' dir='ltr'>de</span> <span class='ocrx_word' id='word_1_138' title='bbox 969 1691 997 1749; x_wconf 88' lang='lat' dir='ltr'>la</span> <span class='ocrx_word' id='word_1_139' title='bbox 1012 1691 1112 1751; x_wconf 78' lang='lat' dir='ltr'>Terre.</span> <span class='ocrx_word' id='word_1_140' title='bbox 1151 1695 1182 1751; x_wconf 87' lang='lat'>8⁰</span> 
     </span>
     <span class='ocr_line' id='line_1_18' title="bbox 192 1771 603 1834; baseline 0.007 -8"><span class='ocrx_word' id='word_1_141' title='bbox 192 1783 250 1826; x_wconf 76' lang='lat' dir='ltr'>nist.</span> <span class='ocrx_word' id='word_1_142' title='bbox 263 1771 298 1829; x_wconf 88' lang='grc'>17</span> <span class='ocrx_word' id='word_1_143' title='bbox 321 1775 349 1829; x_wconf 84' lang='grc'>8.</span> <span class='ocrx_word' id='word_1_144' title='bbox 599 1825 603 1834; x_wconf 84' lang='grc'><em>,</em></span> 
     </span>
     <span class='ocr_line' id='line_1_19' title="bbox 91 1846 1184 1930; baseline 0.002 -22"><span class='ocrx_word' id='word_1_145' title='bbox 91 1905 94 1919; x_wconf 87' lang='grc'><strong>,</strong></span> <span class='ocrx_word' id='word_1_146' title='bbox 297 1850 399 1930; x_wconf 86' lang='lat' dir='ltr'>Tables</span> <span class='ocrx_word' id='word_1_147' title='bbox 411 1852 653 1928; x_wconf 88' lang='lat' dir='ltr'>Astronomiqnes</span> <span class='ocrx_word' id='word_1_148' title='bbox 667 1849 820 1916; x_wconf 77' lang='grc'><strong>(16801611,</strong></span> <span class='ocrx_word' id='word_1_149' title='bbox 839 1846 875 1906; x_wconf 83' lang='lat' dir='ltr'>de</span> <span class='ocrx_word' id='word_1_150' title='bbox 893 1848 1028 1920; x_wconf 90' lang='lat' dir='ltr'>laLune‚</span> <span class='ocrx_word' id='word_1_151' title='bbox 1047 1849 1098 1908; x_wconf 82' lang='lat' dir='ltr'>(les</span> <span class='ocrx_word' id='word_1_152' title='bbox 1120 1846 1184 1910; x_wconf 90' lang='lat' dir='ltr'>Pla·</span> 
     </span>
     <span class='ocr_line' id='line_1_20' title="bbox 163 1929 788 1996; baseline 0.008 -11"><span class='ocrx_word' id='word_1_153' title='bbox 163 1937 256 1996; x_wconf 89' lang='lat' dir='ltr'>netes‚</span> <span class='ocrx_word' id='word_1_154' title='bbox 269 1929 323 1987; x_wconf 78' lang='grc'><strong>866.</strong></span> <span class='ocrx_word' id='word_1_155' title='bbox 345 1931 376 1987; x_wconf 89' lang='grc'>41</span> <span class='ocrx_word' id='word_1_156' title='bbox 396 1930 465 1988; x_wconf 84' lang='lat' dir='ltr'>Por.</span> <span class='ocrx_word' id='word_1_157' title='bbox 478 1930 564 1988; x_wconf 88' lang='grc'><strong>1740.</strong></span> <span class='ocrx_word' id='word_1_158' title='bbox 785 1973 788 1978; x_wconf 36' lang='lat' dir='ltr'><em>f</em></span> 
     </span>
    </p>

    <p class='ocr_par' dir='ltr' id='par_1_8' title="bbox 125 2006 928 2067">
     <span class='ocr_line' id='line_1_21' title="bbox 125 2006 928 2067; baseline -0.001 0"><span class='ocrx_word' id='word_1_159' title='bbox 125 2006 684 2067; x_wconf 72' lang='grc' dir='ltr'><strong>---Ε16616616&lt;1Ἀ66060666.</strong></span> <span class='ocrx_word' id='word_1_160' title='bbox 706 2008 737 2063; x_wconf 89' lang='lat'>4⁰</span> <span class='ocrx_word' id='word_1_161' title='bbox 757 2010 826 2065; x_wconf 82' lang='lat' dir='ltr'>Par.</span> <span class='ocrx_word' id='word_1_162' title='bbox 842 2007 928 2066; x_wconf 86' lang='grc'><strong>1740.</strong></span> 
     </span>
    </p>

    <p class='ocr_par' dir='ltr' id='par_1_9' title="bbox 125 2084 1185 2305">
     <span class='ocr_line' id='line_1_22' title="bbox 125 2084 1185 2166; baseline -0.003 -20"><span class='ocrx_word' id='word_1_163' title='bbox 125 2086 284 2146; x_wconf 87' lang='lat' dir='ltr'>CASSINI</span> <span class='ocrx_word' id='word_1_164' title='bbox 299 2088 376 2165; x_wconf 81' lang='lat' dir='ltr'><em>(M.)</em></span> <span class='ocrx_word' id='word_1_165' title='bbox 391 2089 424 2146; x_wconf 84' lang='lat' dir='ltr'>de</span> <span class='ocrx_word' id='word_1_166' title='bbox 440 2087 541 2166; x_wconf 64' lang='lat' dir='ltr'>Ttnrp.</span> <span class='ocrx_word' id='word_1_167' title='bbox 563 2089 604 2144; x_wconf 89' lang='lat' dir='ltr'>La</span> <span class='ocrx_word' id='word_1_168' title='bbox 615 2084 800 2144; x_wconf 82' lang='lat' dir='ltr'>Meridienne</span> <span class='ocrx_word' id='word_1_169' title='bbox 811 2085 847 2144; x_wconf 82' lang='lat' dir='ltr'>dc</span> <span class='ocrx_word' id='word_1_170' title='bbox 857 2086 1081 2145; x_wconf 84' lang='lat' dir='ltr'>l’Observatoire</span> <span class='ocrx_word' id='word_1_171' title='bbox 1092 2084 1185 2164; x_wconf 89' lang='lat' dir='ltr'>Royal</span> 
     </span>
     <span class='ocr_line' id='line_1_23' title="bbox 164 2163 1184 2242; baseline -0.002 -18"><span class='ocrx_word' id='word_1_172' title='bbox 164 2164 201 2224; x_wconf 81' lang='lat' dir='ltr'>(le</span> <span class='ocrx_word' id='word_1_173' title='bbox 217 2165 306 2234; x_wconf 88' lang='lat' dir='ltr'>Paris,</span> <span class='ocrx_word' id='word_1_174' title='bbox 321 2166 436 2226; x_wconf 68' lang='lat' dir='ltr'>verifice</span> <span class='ocrx_word' id='word_1_175' title='bbox 449 2167 518 2224; x_wconf 86' lang='lat' dir='ltr'>dans</span> <span class='ocrx_word' id='word_1_176' title='bbox 532 2176 611 2224; x_wconf 88' lang='lat' dir='ltr'>tonte</span> <span class='ocrx_word' id='word_1_177' title='bbox 622 2164 768 2223; x_wconf 86' lang='lat' dir='ltr'>l&#39;etendue</span> <span class='ocrx_word' id='word_1_178' title='bbox 782 2163 821 2222; x_wconf 93' lang='lat' dir='ltr'>du</span> <span class='ocrx_word' id='word_1_179' title='bbox 838 2163 991 2242; x_wconf 88' lang='lat' dir='ltr'>Royaume</span> <span class='ocrx_word' id='word_1_180' title='bbox 1000 2185 1052 2242; x_wconf 89' lang='lat' dir='ltr'>par</span> <span class='ocrx_word' id='word_1_181' title='bbox 1064 2165 1101 2224; x_wconf 89' lang='lat' dir='ltr'>de</span> <span class='ocrx_word' id='word_1_182' title='bbox 1111 2186 1184 2223; x_wconf 91' lang='grc'><strong>606-</strong></span> 
     </span>
     <span class='ocr_line' id='line_1_24' title="bbox 165 2242 717 2305; baseline -0.002 -4"><span class='ocrx_word' id='word_1_183' title='bbox 165 2244 249 2302; x_wconf 84' lang='lat' dir='ltr'>velles</span> <span class='ocrx_word' id='word_1_184' title='bbox 260 2245 475 2305; x_wconf 67' lang='lat' dir='ltr'>&#39;Observations</span> <span class='ocrx_word' id='word_1_185' title='bbox 497 2242 528 2302; x_wconf 86' lang='grc'>41</span> <span class='ocrx_word' id='word_1_186' title='bbox 548 2247 618 2304; x_wconf 76' lang='lat' dir='ltr'>Par.</span> <span class='ocrx_word' id='word_1_187' title='bbox 630 2243 717 2302; x_wconf 86' lang='grc'><strong>1744.</strong></span> 
     </span>
    </p>

    <p class='ocr_par' dir='ltr' id='par_1_10' title="bbox 79 2321 1168 2404">
     <span class='ocr_line' id='line_1_25' title="bbox 79 2321 1168 2404; baseline -0.004 -19"><span class='ocrx_word' id='word_1_188' title='bbox 79 2394 80 2398; x_wconf 65' lang='lat'>,</span> <span class='ocrx_word' id='word_1_189' title='bbox 126 2357 284 2370; x_wconf 90' lang='lat'>-—--</span> <span class='ocrx_word' id='word_1_190' title='bbox 299 2327 483 2404; x_wconf 88' lang='lat' dir='ltr'>Description</span> <span class='ocrx_word' id='word_1_191' title='bbox 498 2321 711 2401; x_wconf 68' lang='lat' dir='ltr'>Geometriqne</span> <span class='ocrx_word' id='word_1_192' title='bbox 721 2322 757 2381; x_wconf 83' lang='lat' dir='ltr'>de</span> <span class='ocrx_word' id='word_1_193' title='bbox 769 2321 797 2380; x_wconf 90' lang='lat' dir='ltr'>la</span> <span class='ocrx_word' id='word_1_194' title='bbox 808 2323 927 2380; x_wconf 86' lang='lat' dir='ltr'>France.</span> <span class='ocrx_word' id='word_1_195' title='bbox 949 2322 982 2378; x_wconf 84' lang='grc'>41</span> <span class='ocrx_word' id='word_1_196' title='bbox 1001 2323 1070 2380; x_wconf 82' lang='lat' dir='ltr'>Par.</span> <span class='ocrx_word' id='word_1_197' title='bbox 1083 2322 1168 2381; x_wconf 88' lang='grc'><strong>1788.</strong></span> 
     </span>
    </p>

    <p class='ocr_par' dir='ltr' id='par_1_11' title="bbox 128 2399 1283 2562">
     <span class='ocr_line' id='line_1_26' title="bbox 128 2399 1185 2479; baseline -0.003 -18"><span class='ocrx_word' id='word_1_198' title='bbox 128 2404 336 2463; x_wconf 88' lang='lat' dir='ltr'>CASSINIUS</span> <span class='ocrx_word' id='word_1_199' title='bbox 359 2405 484 2479; x_wconf 78' lang='lat' dir='ltr'>(conto)</span> <span class='ocrx_word' id='word_1_200' title='bbox 507 2399 648 2461; x_wconf 88' lang='lat' dir='ltr'>Willisius</span> <span class='ocrx_word' id='word_1_201' title='bbox 672 2401 747 2460; x_wconf 88' lang='lat' dir='ltr'>male</span> <span class='ocrx_word' id='word_1_202' title='bbox 772 2401 945 2469; x_wconf 86' lang='lat' dir='ltr'>vindicatus,</span> <span class='ocrx_word' id='word_1_203' title='bbox 967 2402 1026 2458; x_wconf 84' lang='lat' dir='ltr'>sive</span> <span class='ocrx_word' id='word_1_204' title='bbox 1050 2400 1185 2458; x_wconf 87' lang='lat' dir='ltr'>Medicus</span> 
     </span>
     <span class='ocr_line' id='line_1_27' title="bbox 167 2479 1283 2562; baseline -0.001 -23"><span class='ocrx_word' id='word_1_205' title='bbox 167 2484 341 2541; x_wconf 87' lang='lat' dir='ltr'>Oxoniensis</span> <span class='ocrx_word' id='word_1_206' title='bbox 356 2483 561 2542; x_wconf 86' lang='lat' dir='ltr'>Mendacitatis</span> <span class='ocrx_word' id='word_1_207' title='bbox 575 2492 604 2540; x_wconf 91' lang='lat' dir='ltr'>et</span> <span class='ocrx_word' id='word_1_208' title='bbox 617 2482 743 2540; x_wconf 80' lang='lat' dir='ltr'>luscitioe</span> <span class='ocrx_word' id='word_1_209' title='bbox 756 2479 895 2539; x_wconf 79' lang='lat' dir='ltr'>detectus.</span> <span class='ocrx_word' id='word_1_210' title='bbox 917 2481 948 2538; x_wconf 88' lang='lat'>8⁰</span> <span class='ocrx_word' id='word_1_211' title='bbox 969 2480 1055 2538; x_wconf 83' lang='lat' dir='ltr'>Dull.</span> <span class='ocrx_word' id='word_1_212' title='bbox 1066 2479 1151 2540; x_wconf 89' lang='grc'><strong>1667.</strong></span> <span class='ocrx_word' id='word_1_213' title='bbox 1176 2550 1179 2562; x_wconf 34' lang='grc'>1</span> <span class='ocrx_word' id='word_1_214' title='bbox 1273 2527 1283 2544; x_wconf 72' lang='grc'>,</span> 
     </span>
    </p>

    <p class='ocr_par' dir='ltr' id='par_1_12' title="bbox 127 2561 986 2640">
     <span class='ocr_line' id='line_1_28' title="bbox 127 2561 986 2640; baseline -0.001 -21"><span class='ocrx_word' id='word_1_215' title='bbox 127 2561 411 2622; x_wconf 77' lang='lat' dir='ltr'>cnssmnoatls</span> <span class='ocrx_word' id='word_1_216' title='bbox 422 2568 552 2640; x_wconf 68' lang='lat' dir='ltr'>(nisaeus</span> <span class='ocrx_word' id='word_1_217' title='bbox 564 2562 684 2634; x_wconf 77' lang='lat' dir='ltr'>auant.)</span> <span class='ocrx_word' id='word_1_218' title='bbox 699 2581 725 2618; x_wconf 89' lang='grc'>6.</span> <span class='ocrx_word' id='word_1_219' title='bbox 742 2578 849 2618; x_wconf 79' lang='lat' dir='ltr'>nonen.</span> <span class='ocrx_word' id='word_1_220' title='bbox 865 2578 986 2618; x_wconf 77' lang='lat' dir='ltr'>eronus.</span> 
     </span>
    </p>

    <p class='ocr_par' dir='ltr' id='par_1_13' title="bbox 127 2637 1083 2718">
     <span class='ocr_line' id='line_1_29' title="bbox 127 2637 1083 2718; baseline -0.004 -18"><span class='ocrx_word' id='word_1_221' title='bbox 127 2673 286 2688; x_wconf 86' lang='lat'>----</span> <span class='ocrx_word' id='word_1_222' title='bbox 303 2642 401 2718; x_wconf 84' lang='lat' dir='ltr'>Opera</span> <span class='ocrx_word' id='word_1_223' title='bbox 413 2644 512 2699; x_wconf 87' lang='lat' dir='ltr'>omnia</span> <span class='ocrx_word' id='word_1_224' title='bbox 525 2659 591 2718; x_wconf 85' lang='lat' dir='ltr'>quae</span> <span class='ocrx_word' id='word_1_225' title='bbox 605 2649 711 2698; x_wconf 85' lang='lat' dir='ltr'>extant.</span> <span class='ocrx_word' id='word_1_226' title='bbox 732 2641 764 2697; x_wconf 89' lang='lat'>8⁰</span> <span class='ocrx_word' id='word_1_227' title='bbox 784 2640 880 2698; x_wconf 82' lang='lat' dir='ltr'>Aurel.</span> <span class='ocrx_word' id='word_1_228' title='bbox 890 2638 983 2697; x_wconf 83' lang='lat' dir='ltr'>Allob.</span> <span class='ocrx_word' id='word_1_229' title='bbox 995 2637 1083 2698; x_wconf 68' lang='lat'><strong>1622.</strong></span> 
     </span>
    </p>

    <p class='ocr_par' dir='ltr' id='par_1_14' title="bbox 120 2717 937 2792">
     <span class='ocr_line' id='line_1_30' title="bbox 120 2717 937 2792; baseline 0.001 -16"><span class='ocrx_word' id='word_1_230' title='bbox 120 2786 124 2792; x_wconf 27' lang='lat'><em>¹</em></span> <span class='ocrx_word' id='word_1_231' title='bbox 618 2721 649 2776; x_wconf 92' lang='grc'>41</span> <span class='ocrx_word' id='word_1_232' title='bbox 671 2718 730 2776; x_wconf 81' lang='lat' dir='ltr'>Col.</span> <span class='ocrx_word' id='word_1_233' title='bbox 744 2717 838 2775; x_wconf 83' lang='lat' dir='ltr'>Allob.</span> <span class='ocrx_word' id='word_1_234' title='bbox 851 2718 937 2786; x_wconf 83' lang='lat'><strong>1656.</strong></span> 
     </span>
    </p>

    <p class='ocr_par' dir='ltr' id='par_1_15' title="bbox 130 2794 1147 2877">
     <span class='ocr_line' id='line_1_31' title="bbox 130 2794 1147 2877; baseline -0.006 -18"><span class='ocrx_word' id='word_1_235' title='bbox 130 2830 290 2843; x_wconf 84' lang='lat'>——-</span> <span class='ocrx_word' id='word_1_236' title='bbox 303 2801 432 2859; x_wconf 87' lang='lat' dir='ltr'>Psalterii</span> <span class='ocrx_word' id='word_1_237' title='bbox 447 2798 578 2858; x_wconf 89' lang='lat' dir='ltr'>Davidici</span> <span class='ocrx_word' id='word_1_238' title='bbox 592 2798 756 2877; x_wconf 87' lang='lat' dir='ltr'>Expositio.</span> <span class='ocrx_word' id='word_1_239' title='bbox 776 2797 808 2852; x_wconf 94' lang='grc'>41</span> <span class='ocrx_word' id='word_1_240' title='bbox 829 2795 897 2854; x_wconf 81' lang='lat' dir='ltr'>Por.</span> <span class='ocrx_word' id='word_1_241' title='bbox 917 2798 945 2854; x_wconf 82' lang='lat' dir='ltr'>J.</span> <span class='ocrx_word' id='word_1_242' title='bbox 960 2798 1044 2854; x_wconf 81' lang='lat' dir='ltr'>Petit.</span> <span class='ocrx_word' id='word_1_243' title='bbox 1062 2794 1147 2854; x_wconf 84' lang='lat'>1519.</span> 
     </span>
    </p>

    <p class='ocr_par' dir='ltr' id='par_1_16' title="bbox 128 2873 1188 3097">
     <span class='ocr_line' id='line_1_32' title="bbox 128 2873 1188 2953; baseline -0.002 -14"><span class='ocrx_word' id='word_1_244' title='bbox 128 2903 288 2925; x_wconf 80' lang='lat'>-———</span> <span class='ocrx_word' id='word_1_245' title='bbox 302 2879 456 2938; x_wconf 78' lang='lat' dir='ltr'>Variacum</span> <span class='ocrx_word' id='word_1_246' title='bbox 485 2879 566 2936; x_wconf 83' lang='lat' dir='ltr'>Libri</span> <span class='ocrx_word' id='word_1_247' title='bbox 589 2897 642 2935; x_wconf 88' lang='lat' dir='ltr'>xn.</span> <span class='ocrx_word' id='word_1_248' title='bbox 664 2873 690 2934; x_wconf 86' lang='lat'>&amp;</span> <span class='ocrx_word' id='word_1_249' title='bbox 713 2877 890 2943; x_wconf 88' lang='lat' dir='ltr'>Chronicon,</span> <span class='ocrx_word' id='word_1_250' title='bbox 911 2876 945 2953; x_wconf 81' lang='lat' dir='ltr'>ad</span> <span class='ocrx_word' id='word_1_251' title='bbox 970 2875 1188 2937; x_wconf 86' lang='lat' dir='ltr'>Theodericum</span> 
     </span>
     <span class='ocr_line' id='line_1_33' title="bbox 169 2953 1187 3036; baseline -0.003 -21"><span class='ocrx_word' id='word_1_252' title='bbox 169 2958 298 3036; x_wconf 83' lang='lat' dir='ltr'>Regem:</span> <span class='ocrx_word' id='word_1_253' title='bbox 314 2978 382 3031; x_wconf 88' lang='lat' dir='ltr'>cum</span> <span class='ocrx_word' id='word_1_254' title='bbox 398 2961 483 3017; x_wconf 91' lang='lat' dir='ltr'>Notis</span> <span class='ocrx_word' id='word_1_255' title='bbox 497 2960 533 3016; x_wconf 74' lang='lat' dir='ltr'>G.</span> <span class='ocrx_word' id='word_1_256' title='bbox 544 2957 683 3015; x_wconf 88' lang='lat' dir='ltr'>Fornerii.</span> <span class='ocrx_word' id='word_1_257' title='bbox 708 2954 793 3032; x_wconf 80' lang='lat' dir='ltr'>[Cum</span> <span class='ocrx_word' id='word_1_258' title='bbox 803 2957 887 3013; x_wconf 78' lang='lat' dir='ltr'>Notis</span> <span class='ocrx_word' id='word_1_259' title='bbox 895 2953 985 3012; x_wconf 84' lang='lat' dir='ltr'><strong><em>MSS.</em></strong></span> <span class='ocrx_word' id='word_1_260' title='bbox 997 2956 1035 3012; x_wconf 77' lang='lat' dir='ltr'>Ic.</span> <span class='ocrx_word' id='word_1_261' title='bbox 1053 2955 1187 3030; x_wconf 77' lang='lat' dir='ltr'>Caccab]</span> 
     </span>
     <span class='ocr_line' id='line_1_34' title="bbox 169 3039 393 3097; baseline 0.009 -3"><span class='ocrx_word' id='word_1_262' title='bbox 169 3039 201 3094; x_wconf 88' lang='lat'>4⁰</span> <span class='ocrx_word' id='word_1_263' title='bbox 222 3040 291 3095; x_wconf 80' lang='lat' dir='ltr'>Por.</span> <span class='ocrx_word' id='word_1_264' title='bbox 307 3039 393 3097; x_wconf 83' lang='grc'><strong>1583.</strong></span> 
     </span>
    </p>

    <p class='ocr_par' dir='ltr' id='par_1_17' title="bbox 126 3112 1191 3333">
     <span class='ocr_line' id='line_1_35' title="bbox 126 3112 1188 3175; baseline -0.006 0"><span class='ocrx_word' id='word_1_265' title='bbox 126 3145 683 3166; x_wconf 89' lang='lat'><em>·-——--—-------</em></span> <span class='ocrx_word' id='word_1_266' title='bbox 698 3113 751 3171; x_wconf 92' lang='lat' dir='ltr'>His</span> <span class='ocrx_word' id='word_1_267' title='bbox 764 3112 801 3173; x_wconf 90' lang='lat' dir='ltr'>de</span> <span class='ocrx_word' id='word_1_268' title='bbox 814 3132 888 3174; x_wconf 87' lang='lat' dir='ltr'>nouo</span> <span class='ocrx_word' id='word_1_269' title='bbox 906 3123 1088 3170; x_wconf 87' lang='lat' dir='ltr'>accesserunt</span> <span class='ocrx_word' id='word_1_270' title='bbox 1104 3113 1188 3175; x_wconf 86' lang='lat' dir='ltr'>Fran.</span> 
     </span>
     <span class='ocr_line' id='line_1_36' title="bbox 172 3192 1191 3275; baseline -0.004 -22"><span class='ocrx_word' id='word_1_271' title='bbox 172 3196 268 3254; x_wconf 87' lang='lat' dir='ltr'>Modii</span> <span class='ocrx_word' id='word_1_272' title='bbox 282 3197 476 3275; x_wconf 83' lang='lat' dir='ltr'>Argumenta,</span> <span class='ocrx_word' id='word_1_273' title='bbox 491 3214 559 3255; x_wconf 91' lang='lat' dir='ltr'>cum</span> <span class='ocrx_word' id='word_1_274' title='bbox 575 3195 653 3254; x_wconf 87' lang='lat' dir='ltr'>Petri</span> <span class='ocrx_word' id='word_1_275' title='bbox 667 3193 790 3252; x_wconf 89' lang='lat' dir='ltr'>Brossaei</span> <span class='ocrx_word' id='word_1_276' title='bbox 804 3193 1119 3251; x_wconf 89' lang='lat' dir='ltr'>Animadversionibus.</span> <span class='ocrx_word' id='word_1_277' title='bbox 1159 3192 1191 3249; x_wconf 87' lang='lat'>8⁰</span> 
     </span>
     <span class='ocr_line' id='line_1_37' title="bbox 171 3275 359 3333; baseline 0.011 -2"><span class='ocrx_word' id='word_1_278' title='bbox 171 3276 216 3333; x_wconf 81' lang='lat' dir='ltr'>Lu</span> <span class='ocrx_word' id='word_1_279' title='bbox 235 3277 262 3333; x_wconf 80' lang='grc'>(1.</span> <span class='ocrx_word' id='word_1_280' title='bbox 273 3275 359 3333; x_wconf 85' lang='grc'><strong>1595.</strong></span> 
     </span>
    </p>

    <p class='ocr_par' dir='ltr' id='par_1_18' title="bbox 128 3297 1192 3430">
     <span class='ocr_line' id='line_1_38' title="bbox 128 3297 1192 3430; baseline -0.004 -16"><span class='ocrx_word' id='word_1_281' title='bbox 128 3297 290 3407; x_wconf 49' lang='grc' dir='ltr'>ψε-ἕ-ὴ</span> <span class='ocrx_word' id='word_1_282' title='bbox 305 3355 442 3413; x_wconf 85' lang='lat' dir='ltr'>Historiae</span> <span class='ocrx_word' id='word_1_283' title='bbox 455 3355 594 3414; x_wconf 86' lang='lat' dir='ltr'>Rornanae</span> <span class='ocrx_word' id='word_1_284' title='bbox 610 3354 755 3430; x_wconf 88' lang='lat' dir='ltr'>Epitome.</span> <span class='ocrx_word' id='word_1_285' title='bbox 776 3326 827 3409; x_wconf 88' lang='grc'>161</span> <span class='ocrx_word' id='word_1_286' title='bbox 846 3351 933 3409; x_wconf 82' lang='lat' dir='ltr'>Annt.</span> <span class='ocrx_word' id='word_1_287' title='bbox 944 3350 1031 3410; x_wconf 71' lang='grc'><strong>1625.</strong></span> <span class='ocrx_word' id='word_1_288' title='bbox 1190 3406 1192 3410; x_wconf 79' lang='grc'>,</span> 
     </span>
    </p>

    <p class='ocr_par' dir='ltr' id='par_1_19' title="bbox 172 3430 1192 3573">
     <span class='ocr_line' id='line_1_39' title="bbox 303 3430 1192 3499; baseline -0.006 -6"><span class='ocrx_word' id='word_1_289' title='bbox 303 3434 439 3494; x_wconf 88' lang='lat' dir='ltr'>Formula</span> <span class='ocrx_word' id='word_1_290' title='bbox 453 3436 577 3493; x_wconf 88' lang='lat' dir='ltr'>Comitis</span> <span class='ocrx_word' id='word_1_291' title='bbox 591 3433 818 3499; x_wconf 88' lang='lat' dir='ltr'>Archiatrorvm,</span> <span class='ocrx_word' id='word_1_292' title='bbox 830 3431 1038 3489; x_wconf 89' lang='lat' dir='ltr'>commentario</span> <span class='ocrx_word' id='word_1_293' title='bbox 1053 3430 1192 3488; x_wconf 87' lang='lat' dir='ltr'>illustrata</span> 
     </span>
     <span class='ocr_line' id='line_1_40' title="bbox 172 3498 874 3573; baseline -0.009 0"><span class='ocrx_word' id='word_1_294' title='bbox 172 3535 189 3573; x_wconf 89' lang='lat' dir='ltr'>a</span> <span class='ocrx_word' id='word_1_295' title='bbox 205 3516 283 3573; x_wconf 86' lang='lat' dir='ltr'>Ioan.</span> <span class='ocrx_word' id='word_1_296' title='bbox 295 3513 385 3572; x_wconf 89' lang='lat' dir='ltr'>Henr.</span> <span class='ocrx_word' id='word_1_297' title='bbox 400 3498 572 3572; x_wconf 87' lang='lat' dir='ltr'>Meibolnio.</span> <span class='ocrx_word' id='word_1_298' title='bbox 594 3516 625 3571; x_wconf 87' lang='lat'>4⁰</span> <span class='ocrx_word' id='word_1_299' title='bbox 645 3513 776 3570; x_wconf 72' lang='lat' dir='ltr'>Heliaesr.</span> <span class='ocrx_word' id='word_1_300' title='bbox 789 3511 874 3569; x_wconf 87' lang='grc'><strong>1668.</strong></span> 
     </span>
    </p>

    <p class='ocr_par' dir='ltr' id='par_1_20' title="bbox 129 3589 1193 3810">
     <span class='ocr_line' id='line_1_41' title="bbox 129 3589 1192 3665; baseline -0.006 -13"><span class='ocrx_word' id='word_1_301' title='bbox 129 3627 291 3639; x_wconf 93' lang='lat'><strong>———-·</strong></span> <span class='ocrx_word' id='word_1_302' title='bbox 304 3596 345 3651; x_wconf 90' lang='lat' dir='ltr'>La</span> <span class='ocrx_word' id='word_1_303' title='bbox 359 3594 413 3651; x_wconf 90' lang='lat' dir='ltr'>Vie</span> <span class='ocrx_word' id='word_1_304' title='bbox 427 3593 464 3651; x_wconf 87' lang='lat' dir='ltr'>de</span> <span class='ocrx_word' id='word_1_305' title='bbox 478 3592 654 3660; x_wconf 79' lang='lat' dir='ltr'>Cassiodore,</span> <span class='ocrx_word' id='word_1_306' title='bbox 677 3591 848 3649; x_wconf 85' lang='lat' dir='ltr'>Chancclier</span> <span class='ocrx_word' id='word_1_307' title='bbox 862 3599 890 3648; x_wconf 90' lang='lat' dir='ltr'>et</span> <span class='ocrx_word' id='word_1_308' title='bbox 904 3591 1032 3665; x_wconf 85' lang='lat' dir='ltr'>premier</span> <span class='ocrx_word' id='word_1_309' title='bbox 1055 3589 1192 3646; x_wconf 87' lang='lat' dir='ltr'>Ministre</span> 
     </span>
     <span class='ocr_line' id='line_1_42' title="bbox 171 3667 1193 3748; baseline -0.009 -16"><span class='ocrx_word' id='word_1_310' title='bbox 171 3674 209 3733; x_wconf 92' lang='lat' dir='ltr'>de</span> <span class='ocrx_word' id='word_1_311' title='bbox 224 3673 385 3733; x_wconf 85' lang='lat' dir='ltr'>Tlreodoric</span> <span class='ocrx_word' id='word_1_312' title='bbox 398 3673 424 3731; x_wconf 92' lang='lat' dir='ltr'>le</span> <span class='ocrx_word' id='word_1_313' title='bbox 438 3672 538 3730; x_wconf 87' lang='lat' dir='ltr'>Grand</span> <span class='ocrx_word' id='word_1_314' title='bbox 551 3675 577 3730; x_wconf 87' lang='lat'>&amp;</span> <span class='ocrx_word' id='word_1_315' title='bbox 590 3672 627 3730; x_wconf 89' lang='lat' dir='ltr'>de</span> <span class='ocrx_word' id='word_1_316' title='bbox 641 3671 781 3748; x_wconf 85' lang='lat' dir='ltr'>plusieurs</span> <span class='ocrx_word' id='word_1_317' title='bbox 796 3678 889 3727; x_wconf 85' lang='lat' dir='ltr'>autres</span> <span class='ocrx_word' id='word_1_318' title='bbox 905 3669 972 3726; x_wconf 84' lang='lat' dir='ltr'>Rois</span> <span class='ocrx_word' id='word_1_319' title='bbox 995 3667 1119 3725; x_wconf 81' lang='lat' dir='ltr'>d’Italie.</span> <span class='ocrx_word' id='word_1_320' title='bbox 1161 3668 1193 3723; x_wconf 89' lang='lat'>8⁰</span> 
     </span>
     <span class='ocr_line' id='line_1_43' title="bbox 174 3753 630 3810; baseline -0.007 0"><span class='ocrx_word' id='word_1_321' title='bbox 174 3755 243 3810; x_wconf 86' lang='lat' dir='ltr'>Por.</span> <span class='ocrx_word' id='word_1_322' title='bbox 260 3753 346 3810; x_wconf 89' lang='grc'><strong>1695.</strong></span> <span class='ocrx_word' id='word_1_323' title='bbox 558 3803 561 3808; x_wconf 43' lang='grc'><strong>.</strong></span> <span class='ocrx_word' id='word_1_324' title='bbox 627 3800 630 3807; x_wconf 93' lang='grc'><strong>.</strong></span> 
     </span>
    </p>

    <p class='ocr_par' dir='ltr' id='par_1_21' title="bbox 130 3817 1197 4057">
     <span class='ocr_line' id='line_1_44' title="bbox 130 3817 1197 3908; baseline -0.009 -18"><span class='ocrx_word' id='word_1_325' title='bbox 130 3833 297 3891; x_wconf 86' lang='lat' dir='ltr'>CASSIUS</span> <span class='ocrx_word' id='word_1_326' title='bbox 317 3832 529 3908; x_wconf 80' lang='lat' dir='ltr'>lotrosoplrista.</span> <span class='ocrx_word' id='word_1_327' title='bbox 564 3832 609 3889; x_wconf 89' lang='lat' dir='ltr'>Dc</span> <span class='ocrx_word' id='word_1_328' title='bbox 624 3829 807 3888; x_wconf 81' lang='lat' dir='ltr'>Animalibus</span> <span class='ocrx_word' id='word_1_329' title='bbox 822 3817 955 3885; x_wconf 74' lang='lat' dir='ltr'>Medicas</span> <span class='ocrx_word' id='word_1_330' title='bbox 967 3827 1152 3888; x_wconf 74' lang='lat' dir='ltr'>Qvaestiones</span> <span class='ocrx_word' id='word_1_331' title='bbox 1165 3832 1197 3903; x_wconf 86' lang='lat' dir='ltr'>et</span> 
     </span>
     <span class='ocr_line' id='line_1_45' title="bbox 175 3903 1195 3988; baseline -0.004 -20"><span class='ocrx_word' id='word_1_332' title='bbox 175 3912 368 3978; x_wconf 87' lang='lat' dir='ltr'>Problemata,</span> <span class='ocrx_word' id='word_1_333' title='bbox 388 3930 459 3988; x_wconf 92' lang='lat' dir='ltr'>qvae</span> <span class='ocrx_word' id='word_1_334' title='bbox 473 3911 608 3967; x_wconf 76' lang='lat' dir='ltr'>hactenus</span> <span class='ocrx_word' id='word_1_335' title='bbox 629 3909 725 3966; x_wconf 88' lang='lat' dir='ltr'>lucem</span> <span class='ocrx_word' id='word_1_336' title='bbox 750 3927 807 3965; x_wconf 89' lang='lat' dir='ltr'>non</span> <span class='ocrx_word' id='word_1_337' title='bbox 824 3906 927 3975; x_wconf 75' lang='lat' dir='ltr'>videre,</span> <span class='ocrx_word' id='word_1_338' title='bbox 949 3907 1111 3983; x_wconf 90' lang='lat' dir='ltr'>Interprete</span> <span class='ocrx_word' id='word_1_339' title='bbox 1135 3903 1195 3964; x_wconf 87' lang='lat' dir='ltr'>Ha-</span> 
     </span>
     <span class='ocr_line' id='line_1_46' title="bbox 175 3985 923 4057; baseline -0.007 -9"><span class='ocrx_word' id='word_1_340' title='bbox 175 3991 277 4049; x_wconf 86' lang='lat' dir='ltr'>driano</span> <span class='ocrx_word' id='word_1_341' title='bbox 290 3991 373 4048; x_wconf 91' lang='lat' dir='ltr'>lunio</span> <span class='ocrx_word' id='word_1_342' title='bbox 388 3991 537 4057; x_wconf 88' lang='lat' dir='ltr'>Hornano,</span> <span class='ocrx_word' id='word_1_343' title='bbox 552 3988 682 4047; x_wconf 86' lang='lat' dir='ltr'>Medico.</span> <span class='ocrx_word' id='word_1_344' title='bbox 704 3990 735 4044; x_wconf 89' lang='grc'>41</span> <span class='ocrx_word' id='word_1_345' title='bbox 756 3988 825 4043; x_wconf 84' lang='lat' dir='ltr'>Por.</span> <span class='ocrx_word' id='word_1_346' title='bbox 837 3985 923 4043; x_wconf 90' lang='grc'><strong>1541.</strong></span> 
     </span>
    </p>

    <p class='ocr_par' dir='ltr' id='par_1_22' title="bbox 134 4064 1154 4136">
     <span class='ocr_line' id='line_1_47' title="bbox 134 4064 1154 4136; baseline -0.017 -5"><span class='ocrx_word' id='word_1_347' title='bbox 134 4094 534 4131; x_wconf 47' lang='grc' dir='ltr'>άτ--ψ---</span> <span class='ocrx_word' id='word_1_348' title='bbox 551 4070 601 4125; x_wconf 71' lang='lat' dir='ltr'>Gr.</span> <span class='ocrx_word' id='word_1_349' title='bbox 626 4066 673 4125; x_wconf 68' lang='lat'>12⁰</span> <span class='ocrx_word' id='word_1_350' title='bbox 694 4069 762 4123; x_wconf 80' lang='lat' dir='ltr'>Por.</span> <span class='ocrx_word' id='word_1_351' title='bbox 774 4064 860 4122; x_wconf 86' lang='grc'><strong>1541.</strong></span> <span class='ocrx_word' id='word_1_352' title='bbox 979 4105 982 4112; x_wconf 95' lang='grc'><strong>.</strong></span> <span class='ocrx_word' id='word_1_353' title='bbox 1152 4132 1154 4136; x_wconf 23' lang='lat'><em>⁷</em></span> 
     </span>
    </p>

    <p class='ocr_par' dir='ltr' id='par_1_23' title="bbox 134 4143 1198 4386">
     <span class='ocr_line' id='line_1_48' title="bbox 134 4143 1198 4206; baseline -0.008 2"><span class='ocrx_word' id='word_1_354' title='bbox 134 4184 295 4198; x_wconf 82' lang='lat'><em>---—-</em></span> <span class='ocrx_word' id='word_1_355' title='bbox 308 4149 458 4206; x_wconf 84' lang='lat' dir='ltr'>Natnrales</span> <span class='ocrx_word' id='word_1_356' title='bbox 469 4157 498 4205; x_wconf 91' lang='lat' dir='ltr'>et</span> <span class='ocrx_word' id='word_1_357' title='bbox 509 4146 1037 4206; x_wconf 68' lang='grc'><strong>116166616666666666666.</strong></span> <span class='ocrx_word' id='word_1_358' title='bbox 1048 4144 1127 4201; x_wconf 85' lang='lat' dir='ltr'>circa</span> <span class='ocrx_word' id='word_1_359' title='bbox 1137 4143 1198 4200; x_wconf 89' lang='lat' dir='ltr'>Ho-</span> 
     </span>
     <span class='ocr_line' id='line_1_49' title="bbox 178 4223 1197 4303; baseline -0.007 -18"><span class='ocrx_word' id='word_1_360' title='bbox 178 4228 263 4286; x_wconf 87' lang='lat' dir='ltr'>minis</span> <span class='ocrx_word' id='word_1_361' title='bbox 284 4230 432 4287; x_wconf 73' lang='lat' dir='ltr'>natura&amp;</span> <span class='ocrx_word' id='word_1_362' title='bbox 445 4228 560 4287; x_wconf 86' lang='lat' dir='ltr'>morbos</span> <span class='ocrx_word' id='word_1_363' title='bbox 582 4226 700 4303; x_wconf 90' lang='lat' dir='ltr'>aliquot,</span> <span class='ocrx_word' id='word_1_364' title='bbox 721 4223 855 4285; x_wconf 81' lang='lat' dir='ltr'>Conrado</span> <span class='ocrx_word' id='word_1_365' title='bbox 877 4224 1008 4280; x_wconf 87' lang='lat' dir='ltr'>Gesnero</span> <span class='ocrx_word' id='word_1_366' title='bbox 1030 4225 1197 4298; x_wconf 88' lang='lat' dir='ltr'>interprete,</span> 
     </span>
     <span class='ocr_line' id='line_1_50' title="bbox 177 4300 1197 4386; baseline -0.007 -23"><span class='ocrx_word' id='word_1_367' title='bbox 177 4324 258 4366; x_wconf 88' lang='lat' dir='ltr'>nunc</span> <span class='ocrx_word' id='word_1_368' title='bbox 281 4310 412 4386; x_wconf 78' lang='lat' dir='ltr'>primum</span> <span class='ocrx_word' id='word_1_369' title='bbox 434 4307 532 4366; x_wconf 86' lang='lat' dir='ltr'>editae.</span> <span class='ocrx_word' id='word_1_370' title='bbox 567 4304 695 4364; x_wconf 84' lang='lat' dir='ltr'>Eaedem</span> <span class='ocrx_word' id='word_1_371' title='bbox 710 4304 842 4371; x_wconf 66' lang='lat' dir='ltr'>&#39;Graece</span> <span class='ocrx_word' id='word_1_372' title='bbox 854 4303 942 4380; x_wconf 82' lang='lat' dir='ltr'>longe</span> <span class='ocrx_word' id='word_1_373' title='bbox 966 4301 1056 4380; x_wconf 71' lang='lat' dir='ltr'>quarn</span> <span class='ocrx_word' id='word_1_374' title='bbox 1076 4300 1197 4358; x_wconf 89' lang='lat' dir='ltr'>antehac</span> 
     </span>
    </p>
   </div>
   <div class='ocr_carea' id='block_1_2' title="bbox 177 4378 1217 4526">
    <p class='ocr_par' dir='ltr' id='par_1_24' title="bbox 177 4378 1217 4526">
     <span class='ocr_line' id='line_1_51' title="bbox 177 4378 1199 4474; baseline -0.009 -31"><span class='ocrx_word' id='word_1_375' title='bbox 177 4387 382 4472; x_wconf 80' lang='lat' dir='ltr'>castigatiores,</span> <span class='ocrx_word' id='word_1_376' title='bbox 407 4391 444 4448; x_wconf 79' lang='grc'>66</span> <span class='ocrx_word' id='word_1_377' title='bbox 467 4384 587 4468; x_wconf 79' lang='lat' dir='ltr'>Scholijs</span> <span class='ocrx_word' id='word_1_378' title='bbox 608 4382 790 4474; x_wconf 82' lang='lat' dir='ltr'>quibusdam.</span> <span class='ocrx_word' id='word_1_379' title='bbox 833 4381 885 4440; x_wconf 90' lang='lat' dir='ltr'>His</span> <span class='ocrx_word' id='word_1_380' title='bbox 907 4380 1018 4440; x_wconf 88' lang='lat' dir='ltr'>accedit</span> <span class='ocrx_word' id='word_1_381' title='bbox 1044 4378 1199 4468; x_wconf 83' lang='lat' dir='ltr'>Catalogus</span> 
     </span>
     <span class='ocr_line' id='line_1_52' title="bbox 222 4456 1217 4526; baseline -0.01 -3"><span class='ocrx_word' id='word_1_382' title='bbox 222 4464 298 4525; x_wconf 81' lang='lat' dir='ltr'>Vnt.</span> <span class='ocrx_word' id='word_1_383' title='bbox 310 4467 355 4526; x_wconf 88' lang='lat' dir='ltr'>ll.</span> <span class='ocrx_word' id='word_1_384' title='bbox 649 4462 684 4522; x_wconf 92' lang='lat' dir='ltr'>X</span> <span class='ocrx_word' id='word_1_385' title='bbox 1071 4456 1217 4523; x_wconf 58' lang='grc'><strong>11166166,</strong></span> 
     </span>
    </p>
   </div>
   <div class='ocr_carea' id='block_1_3' title="bbox 0 0 1336 4860">
    <p class='ocr_par' dir='ltr' id='par_1_25' title="bbox 0 0 1336 4860">
     <span class='ocr_line' id='line_1_53' title="bbox 0 0 1336 4860; baseline 0 0"><span class='ocrx_word' id='word_1_386' title='bbox 0 0 1336 4860; x_wconf 95' lang='lat' dir='ltr'> </span> 
     </span>
    </p>
   </div>
  </div>
 </body>
</html>
