2610 4860
571 340 733 420 CAT

123 492 378 561 CATALOGUS.
419 493 570 574 Catalogvs
584 494 758 553 Vniversalis
773 494 924 554 Librorum
944 497 975 554 in
997 497 1179 563 Bibliotheca
1272 525 1298 556 κ

163 575 315 634 Bodleiana
329 575 458 632 omnivm
480 574 640 642 Librorrm,
662 575 847 652 Lingvarrm,
866 577 893 633 &
915 575 1104 637 scientiarum
1127 598 1177 656 ge·

162 673 232 714 nere
255 652 445 712 refertissima
485 653 616 711 Accessit
641 653 797 729 Appendix
823 654 985 723 Librorum,
1006 659 1056 732 qui
1072 658 1115 716 vel
1136 677 1175 716 ex

36 794 40 799 ,
99 735 100 738 ’
161 729 362 793 munificentid
373 732 509 797 aliorum,
530 732 572 790 vel
586 751 622 789 ex
636 732 773 790 censibus
783 731 971 791 Bibliothecae
986 752 1084 800 recens
1097 735 1175 794 allati

31 853 34 859 -
161 819 236 870 sunt.
258 812 387 869 Auctore
398 810 513 868 Thoma
524 810 624 869 James
634 811 665 889 18.
679 810 735 868 Th.
750 809 835 869 Doct.
850 829 883 869 ac
898 830 993 888 nuper
1008 811 1095 872 Proto
1105 814 1174 872 Bih-
1214 863 1218 869 .

160 891 326 949 liothecario
340 889 507 948 Oxoniensi.
527 890 560 945 4⁰
582 889 668 947 Oros.
685 888 770 947 1620.
959 910 962 918 ⁴

121 975 281 1016 -'-——-
294 962 449 1046 Cutalogus
462 970 668 1044 impressorum
683 968 836 1026 Librorum
855 967 1041 1028 Bibliothecae
1063 969 1177 1046 Bodlej-

163 1066 226 1105 anae
247 1050 278 1105 in
297 1047 456 1105 Academia
471 1047 638 1104 Oxoniensi.
679 1045 797 1104 eura&
810 1045 1036 1125 opertTnomae
1058 1046 1177 1127 Hydee

162 1125 233 1184 Coll
245 1125 364 1204 Regrnae
380 1126 474 1183 Oxon.
486 1124 790 1184 Protobibliothecarii.
811 1125 859 1184 sol.
884 1126 970 1184 Oxou.
987 1125 1073 1186 1674.

122 1235 281 1252 ---
294 1203 449 1280 Catalogus
464 1207 666 1280 impressorum
689 1204 844 1263 Librorum
863 1205 1050 1264 Bibliothecae
1065 1206 1177 1268 Bodlei-

161 1301 224 1342 anae
239 1286 270 1341 in
284 1283 446 1355 Academia
457 1281 624 1359 Oxoniensi.
644 1285 748 1342 arom.
769 1281 818 1341 fol.
842 1284 928 1341 Oron.
943 1282 1029 1343 1738.
1063 1279 1065 1283 ’

120 1392 279 1411 -—--
292 1362 441 1438 Catalogvs
460 1361 649 1437 plvrimorvm
673 1362 827 1438 insignivm
852 1362 1004 1422 Librorum
1017 1382 1054 1421 ex
1068 1365 1184 1425 Biblio'

161 1440 247 1498 theca
260 1440 298 1499 D.
309 1444 418 1500 Anton.
433 1441 529 1498 Blesii.
549 1442 581 1498 4⁰
602 1439 693 1518 largd.
705 1439 772 1498 Bor.
784 1442 871 1499 1607.

120 1550 279 1564 ---
293 1518 442 1594 Catalogvs
456 1521 614 1595 insignium
630 1518 782 1576 Librorvm
792 1539 830 1578 ex
843 1518 1024 1580 Bibliotheca
1036 1520 1074 1579 D.
1085 1521 1178 1582 chae

162 1596 307 1656 Trelcatii.
328 1600 359 1656 4⁰
380 1598 472 1675 Lugd.
484 1597 551 1654 Bor.
564 1597 649 1654 1607.

118 1667 279 1812 -ι-6“--
292 1676 478 1736 Bibliothecae
499 1676 671 1735 Traiectinae
692 1675 851 1756 Catalogvs.
891 1677 923 1734 4⁰
965 1676 1045 1754 traj.
1063 1677 1177 1738 11de.

120 1863 279 1884 ·----
294 1834 386 1892 Index
400 1835 553 1895 Librorvm
567 1836 615 1913 qri
629 1853 665 1892 ex
683 1833 894 1914 Typographia
912 1833 1093 1893 Plantiniana
1111 1854 1178 1914 pro·
1228 1853 1231 1857 ’

159 1911 290 1972 diervnt.'
303 1915 333 1972 8⁰
353 1912 436 1973 Anto.
450 1914 536 1971 1615.

119 2023 279 2039 ----
293 1991 447 2069 Catalogns
461 1995 605 2051 rariorum
621 1991 772 2050 Librorum
790 1993 843 2068 qui
858 1990 994 2068 Lugduni
1008 1993 1039 2050 in
1054 1992 1180 2054 Officina

161 2071 253 2130 Paulli
264 2072 377 2130 Frellon
392 2073 502 2130 venales
516 2073 668 2130 habemur.
691 2073 741 2129 12⁰
760 2071 852 2148 Lugd.
866 2071 952 2129 1615.
965 2072 968 2077 ’

80 2153 83 2158 ’
119 2183 279 2289 -l---
292 2150 445 2230 Catalogus
456 2152 610 2209 Librorum
626 2145 814 2208 Bibliotheca
825 2148 1106 2211 Amstelodamensia.
1146 2151 1179 2210 4·

100 2300 280 2359 '.....-c
294 2308 447 2387 catalogus
467 2309 606 2367 variorvm
630 2308 781 2367 Librorum
796 2328 812 2365 e
826 2307 1011 2366 Bibliothecis
1032 2307 1178 2367 Francisci

161 2387 360 2466 Raphelengii,
379 2390 497 2466 ejusque
513 2387 649 2455 filiorum,
669 2388 739 2447 item
765 2387 856 2445 Isaaci
876 2386 1104 2465 Swanenburgii,
1123 2404 1178 2446 nec

160 2486 219 2526 non
233 2468 311 2527 Petri
326 2468 439 2527 Moseii.
461 2468 493 2524 4⁰
512 2467 604 2545 bugd.
618 2467 685 2526 Bor.
700 2469 792 2525 Elaea.
805 2466 891 2526 1626.

119 2579 280 2595 -----
292 2546 443 2624 Catalogvs
458 2547 610 2606 Librorvm
623 2548 671 2624 qvi
685 2547 758 2622 apvd
780 2546 909 2604 haeredes
929 2544 1008 2605 Petri
1027 2543 1065 2604 de
1077 2543 1107 2603 la
1119 2542 1177 2604 Ro·

162 2629 237 2683 viere
250 2625 359 2684 venales
373 2627 565 2701 reperiuntur.
588 2625 638 2684 12⁰
662 2627 728 2683 Gen.
744 2626 829 2686 1626.
1236 2680 1239 2686 .

118 2736 279 2751 ----
292 2703 442 2782 Catalogrs
455 2705 652 2763 Librorvmtn
665 2703 781 2764 diversis
793 2705 862 2761 locis
885 2703 977 2761 Italiae
996 2711 1178 2782 emptorum,

160 2802 236 2842 anno
250 2783 334 2843 1628.
350 2785 401 2862 qui
421 2784 542 2842 londini
555 2786 585 2841 in
601 2785 726 2842 Officina
740 2783 977 2841 Fetherstoniana
989 2790 1120 2860 prostant
1130 2799 1179 2840 ve-

160 2863 248 2920 nales.
268 2864 299 2919 4⁰
319 2860 507 2923 Lasciuae.
1034 2893 1039 2906 ·

117 2973 277 2989 ---—
293 2942 447 3019 catalogus
458 2942 613 2999 Librorum
624 2943 673 3018 qvi
683 2961 720 2999 ex
731 2939 857 2998 Officina
870 2939 1097 3015 Henricpetrina
1110 2937 1178 2998 hac·

160 3029 245 3078 tenus
259 3022 288 3079 in
303 3021 454 3098 publicum
468 3021 637 3097 prodierunt
642 3039 652 3094 3
673 3024 850 3078 continuatas
864 3017 900 3076 ad
915 3018 1036 3075 Annum
1051 3035 1178 3096 praesen·

157 3108 231 3168 tem,
243 3118 436 3159 umcxxvru.
455 3103 487 3158 4⁰
507 3101 574 3171 Bas.

116 3211 280 3226 ---
293 3181 321 3237 A
336 3179 489 3256 Catalogve
503 3179 537 3237 os
552 3179 679 3236 certaine
692 3177 803 3236 Bookes
818 3175 915 3235 which
926 3175 998 3235 hare
1017 3174 1090 3234 been
1104 3175 1180 3254 pub·

158 3257 249 3317 lished
263 3256 319 3316 and
334 3260 389 3336 (by
403 3258 570 3330 authoritie)
585 3257 700 3336 printed
719 3260 750 3315 in
768 3255 912 3333 England,
932 3254 1003 3314 both
1024 3254 1055 3313 in
1077 3255 1178 3315 Latine
1210 3286 1213 3291 ·

160 3337 219 3396 and
232 3337 364 3416 English,
383 3339 463 3397 since
478 3338 527 3396 the
541 3357 628 3416 ysare
644 3338 730 3399 1626.
744 3335 826 3395 rntill
848 3335 1015 3395 November
1032 3333 1090 3394 thir
1112 3352 1179 3414 pre·

159 3426 224 3475 sent
237 3436 324 3495 yeare
341 3417 426 3475 1631.
447 3418 478 3474 4⁰
499 3416 690 3475 conulem.
949 3454 952 3459 -

65 3540 68 3545 -
118 3526 280 3547 ---·
293 3496 445 3574 Catalogvs
460 3497 613 3556 Librorvm
628 3495 665 3554 D.
683 3495 805 3554 Joannis
818 3494 930 3555 Bont'ri:
951 3494 1024 3553 item
1042 3492 1080 3551 D.
1098 3492 1180 3552 Petri

160 3575 295 3634 Goeredi.
315 3577 347 3633 4⁰
367 3578 432 3634 Rot.
445 3574 532 3635 1632.

116 3681 279 3701 --·-
293 3653 448 3733 Catalogus
473 3655 656 3714 MSS.torvm
679 3652 969 3712 membranaceorrm
983 3658 1013 3707 et
1032 3647 1180 3707 chartace-

159 3750 254 3803 orvm,
272 3736 343 3794 item
366 3735 516 3794 Librorrm
539 3735 575 3792 ab
594 3735 709 3791 inventa
722 3729 930 3808 Typogrspbia
948 3745 1035 3804 vsqve
1049 3726 1087 3785 ad
1099 3728 1178 3786 Ann.

159 3809 248 3871 MD.
261 3822 292 3871 et
305 3812 371 3872 inde
385 3831 474 3892 usque
488 3811 524 3872 ad
539 3814 616 3872 Arm.
632 3810 762 3869 MDLX.
777 3820 807 3868 et
817 3808 929 3867 vlterivs
940 3805 1085 3880 venaliunt
1099 3805 1180 3886 apud

159 3889 203 3948 Io.
218 3890 362 3970 Ludolph.
377 3894 613 3951 Biinemannvm.
635 3892 667 3948 8⁰
681 3888 779 3949 Minu.
796 3887 882 3948 lota.

116 3996 281 4016 -—-
293 3971 442 4050 Catalogvs
467 3973 617 4032 Librorum
638 3988 707 4048 qvos
728 3988 788 4028 non
805 3968 866 4026 sine
885 3962 1181 4047 magnirpumptibrs

159 4054 192 4107 et
202 4048 302 4109 labore
318 4069 355 4109 ex
369 4051 451 4111 Italia
469 4051 570 4131 selegit
583 4050 727 4131 Robertus
742 4048 879 4116 Martine,
898 4044 1060 4127 Bibliopola
1074 4041 1181 4106 Londi-

159 4129 265 4186 nensis.
285 4129 318 4187 4⁰
331 4128 423 4189 Lond.
440 4130 525 4190 1633.
943 4136 962 4199 ’,

118 4233 281 4253 --··-
302 4206 455 4291 catalogus
477 4210 673 4287 Interpretatur
696 4207 856 4284 Scriptura
879 4205 961 4281 jrxta
987 4221 1181 4265 numerorum

161 4281 306 4343 Ordinem
319 4305 376 4364 qvo
388 4283 488 4346 citant
500 4290 531 4346 in
553 4285 742 4364 Bibliotheca·
753 4285 928 4346 Bodleiana:
947 4283 1017 4343 olim
1038 4303 1055 4342 a
1077 4284 1116 4343 D.
1129 4283 1180 4340 Ja-

161 4361 256 4499 pnresgo
268 4365 635 4506 conlcgppatnsmuncvero
647 4363 809 4427 armarere
821 4372 906 4447 parte
919 4365 1032 4423 auctior
1040 4359 1180 4423 redditus.

240 4459 303 4505 xor.
394 4488 403 4505 .
601 4471 604 4478 ·

522 4547 524 4553 ·
937 4515 1211 4584 chananeus.
